<?xml version="1.0" ?><OAI-PMH xmlns="http://www.openarchives.org/OAI/2.0/" xmlns:xsi="http://www.w3.org/2001/XMLSchema-instance" xsi:schemaLocation="http://www.openarchives.org/OAI/2.0/ http://www.openarchives.org/OAI/2.0/OAI-PMH.xsd">
  <responseDate>2024-11-20T18:26:06Z</responseDate>
  <request resumptionToken="1900-01-01@all@UNIGE_ALL@marc21@5986552310005502" verb="ListRecords">https://slsp-unige.alma.exlibrisgroup.com/view/oai/41SLSP_UGE/request</request>
<ListRecords><record><header><identifier>oai:alma.41SLSP_UGE:991000783239705502</identifier><datestamp>2023-03-01T01:09:56Z</datestamp><setSpec>uge_bcen_RapidILL_BOOK</setSpec><setSpec>uge_aaca_RapidILL_BOOK</setSpec><setSpec>uge_abels_RapidILL_BOOK</setSpec><setSpec>uge_dbu_RapidILL_BOOK</setSpec><setSpec>uge_cmu_RapidILL_BOOK</setSpec><setSpec>uge_mail_RapidILL_BOOK</setSpec><setSpec>UNIGE_ALL</setSpec><setSpec>uge_abbat_RapidILL_BOOK</setSpec><setSpec>uge_aobs_RapidILL_BOOK</setSpec><setSpec>uge_acar_RapidILL_BOOK</setSpec></header><metadata>
<record xmlns="http://www.loc.gov/MARC21/slim" xmlns:xsi="http://www.w3.org/2001/XMLSchema-instance" xsi:schemaLocation="http://www.loc.gov/MARC21/slim http://www.loc.gov/standards/marcxml/schema/MARC21slim.xsd"><leader>01415nam a2200361 c 4500</leader><controlfield tag="001">991000783239705502</controlfield><controlfield tag="005">20210206182129.0</controlfield><controlfield tag="008">130926s1986    cc ||||| |||| 00| ||chi d</controlfield><datafield ind1=" " ind2=" " tag="035"><subfield code="a">(swissbib)118167103-41slsp_network</subfield></datafield><datafield ind1=" " ind2=" " tag="035"><subfield code="a">118167103</subfield><subfield code="9">ExL</subfield></datafield><datafield ind1=" " ind2=" " tag="035"><subfield code="a">(RERO)R007486377-41slsp</subfield></datafield><datafield ind1=" " ind2=" " tag="035"><subfield code="a">(EXLNZ-41SLSP_NETWORK)991078494209705501</subfield></datafield><datafield ind1=" " ind2=" " tag="040"><subfield code="a">DLC-R</subfield><subfield code="d">CH-ZuSLS</subfield></datafield><datafield ind1=" " ind2="0" tag="050"><subfield code="a">CT3990.H78</subfield><subfield code="b">A3 1986</subfield></datafield><datafield ind1=" " ind2="7" tag="072"><subfield code="a">or</subfield><subfield code="2">rero</subfield></datafield><datafield ind1="0" ind2="0" tag="082"><subfield code="a">951.04/092</subfield><subfield code="a">B</subfield><subfield code="2">20</subfield></datafield><datafield ind1="1" ind2=" " tag="100"><subfield code="6">880-01</subfield><subfield code="a">Hu, Shi</subfield><subfield code="d">1891-1962</subfield><subfield code="0">(IDREF)029879574</subfield><subfield code="4">cre</subfield></datafield><datafield ind1="0" ind2=" " tag="880"><subfield code="6">100-01/$1</subfield><subfield code="a">胡适</subfield><subfield code="d">1891-1962</subfield></datafield><datafield ind1="1" ind2="0" tag="245"><subfield code="6">880-02</subfield><subfield code="a">Hu Shi zi zhuan</subfield><subfield code="c">Cao Boyan xuan bian</subfield></datafield><datafield ind1="1" ind2="0" tag="880"><subfield code="6">245-02/$1</subfield><subfield code="a">胡适自传</subfield><subfield code="c">曹伯言选编</subfield></datafield><datafield ind1=" " ind2=" " tag="250"><subfield code="6">880-03</subfield><subfield code="a">Di 1 ban</subfield></datafield><datafield ind1=" " ind2=" " tag="880"><subfield code="6">250-03/$1</subfield><subfield code="a">第1版</subfield></datafield><datafield ind1=" " ind2="1" tag="264"><subfield code="6">880-04</subfield><subfield code="a">Hefei Shi</subfield><subfield code="b">Huangshan shu she</subfield><subfield code="b">Xin hua shu dian jing xiao</subfield><subfield code="c">1986</subfield></datafield><datafield ind1=" " ind2="1" tag="880"><subfield code="6">264-04/$1</subfield><subfield code="a">合肥市</subfield><subfield code="b">黄山书社</subfield><subfield code="b">新華書店经销</subfield><subfield code="c">1986</subfield></datafield><datafield ind1=" " ind2=" " tag="300"><subfield code="a">132 p., [4] p. of plates</subfield><subfield code="b">ill., ports.</subfield><subfield code="c">21 cm</subfield></datafield><datafield ind1=" " ind2=" " tag="336"><subfield code="b">txt</subfield><subfield code="2">rdacontent</subfield></datafield><datafield ind1=" " ind2=" " tag="337"><subfield code="b">n</subfield><subfield code="2">rdamedia</subfield></datafield><datafield ind1=" " ind2=" " tag="338"><subfield code="b">nc</subfield><subfield code="2">rdacarrier</subfield></datafield><datafield ind1=" " ind2=" " tag="500"><subfield code="a">Cover title also in pinyin: Hushizizhuan</subfield></datafield><datafield ind1=" " ind2="0" tag="650"><subfield code="a">Scholars</subfield><subfield code="z">China</subfield><subfield code="v">Biography</subfield></datafield><datafield ind1="1" ind2=" " tag="700"><subfield code="6">880-05</subfield><subfield code="a">Cao, Boyan</subfield><subfield code="0">(IDREF)150822480</subfield></datafield><datafield ind1="0" ind2=" " tag="880"><subfield code="6">700-05/$1</subfield><subfield code="a">曹伯言</subfield></datafield><datafield ind1=" " ind2=" " tag="900"><subfield code="a">REROnoselfmerge</subfield></datafield><datafield ind1=" " ind2=" " tag="910"><subfield code="a">LOC</subfield><subfield code="b">20130926</subfield><subfield code="c">Droits réservés</subfield></datafield></record>
</metadata></record>