<record><header><identifier>oai:alma.41SLSP_UGE:991000783449705502</identifier><datestamp>2023-04-14T00:13:44Z</datestamp><setSpec>uge_bcen_RapidILL_BOOK</setSpec><setSpec>uge_aaca_RapidILL_BOOK</setSpec><setSpec>uge_abels_RapidILL_BOOK</setSpec><setSpec>uge_dbu_RapidILL_BOOK</setSpec><setSpec>uge_cmu_RapidILL_BOOK</setSpec><setSpec>uge_mail_RapidILL_BOOK</setSpec><setSpec>uge_abbat_RapidILL_BOOK</setSpec><setSpec>UNIGE_ALL</setSpec><setSpec>uge_aobs_RapidILL_BOOK</setSpec><setSpec>uge_acar_RapidILL_BOOK</setSpec></header><metadata>
<record xmlns="http://www.loc.gov/MARC21/slim" xmlns:xsi="http://www.w3.org/2001/XMLSchema-instance" xsi:schemaLocation="http://www.loc.gov/MARC21/slim http://www.loc.gov/standards/marcxml/schema/MARC21slim.xsd"><leader>01943nam a2200469 c 4500</leader><controlfield tag="001">991000783449705502</controlfield><controlfield tag="005">20230413175143.0</controlfield><controlfield tag="008">201011s1982    ne ||||| |||| 10| ||eng d</controlfield><datafield ind1=" " ind2=" " tag="020"><subfield code="a">9027713847</subfield></datafield><datafield ind1=" " ind2=" " tag="020"><subfield code="a">9027713855</subfield><subfield code="q">pbk.</subfield></datafield><datafield ind1=" " ind2=" " tag="035"><subfield code="a">(swissbib)212081705-41slsp_network</subfield></datafield><datafield ind1=" " ind2=" " tag="035"><subfield code="a">212081705</subfield><subfield code="9">ExL</subfield></datafield><datafield ind1=" " ind2=" " tag="035"><subfield code="a">(RERO)1395760-41slsp</subfield></datafield><datafield ind1=" " ind2=" " tag="035"><subfield code="a">(NEBIS)000258413EBI01</subfield></datafield><datafield ind1=" " ind2=" " tag="035"><subfield code="a">(IDSBB)002227278DSV01</subfield></datafield><datafield ind1=" " ind2=" " tag="035"><subfield code="a">(EXLNZ-41SLSP_NETWORK)991021184909705501</subfield></datafield><datafield ind1=" " ind2=" " tag="040"><subfield code="a">RERO geusob</subfield><subfield code="d">CH-ZuSLS</subfield></datafield><datafield ind1=" " ind2="7" tag="072"><subfield code="a">as</subfield><subfield code="2">rero</subfield></datafield><datafield ind1=" " ind2="7" tag="072"><subfield code="a">at</subfield><subfield code="2">SzZuIDS BS/BE</subfield></datafield><datafield ind1="1" ind2="4" tag="082"><subfield code="a">520</subfield><subfield code="2">15</subfield></datafield><datafield ind1="0" ind2="0" tag="245"><subfield code="a">Extragalactic radio sources</subfield><subfield code="b">Symposium No. 97 organized by IAU in cooperation with URSI, held at Albuquerque, U.S.A, August 3-7, 1981</subfield><subfield code="c">ed. by David S. Heeschen... [et al.]</subfield></datafield><datafield ind1=" " ind2="1" tag="264"><subfield code="a">Dordrecht</subfield><subfield code="a">Boston [etc.]</subfield><subfield code="b">D. Reidel</subfield><subfield code="c">[1982]</subfield></datafield><datafield ind1=" " ind2="4" tag="264"><subfield code="c">© 1982</subfield></datafield><datafield ind1=" " ind2=" " tag="300"><subfield code="a">XVII, 490 p.</subfield><subfield code="b">ill.</subfield><subfield code="c">25 cm</subfield></datafield><datafield ind1=" " ind2=" " tag="336"><subfield code="b">txt</subfield><subfield code="2">rdacontent</subfield></datafield><datafield ind1=" " ind2=" " tag="337"><subfield code="b">n</subfield><subfield code="2">rdamedia</subfield></datafield><datafield ind1=" " ind2=" " tag="338"><subfield code="b">nc</subfield><subfield code="2">rdacarrier</subfield></datafield><datafield ind1="1" ind2=" " tag="490"><subfield code="a">Symposium / International Astronomical Union</subfield><subfield code="v">no. 97</subfield></datafield><datafield ind1=" " ind2=" " tag="500"><subfield code="a">Proceedings of the 97th Symposium of the International Astronomical Union</subfield></datafield><datafield ind1=" " ind2="7" tag="650"><subfield code="a">Radiogalaxies</subfield><subfield code="0">(IDREF)050695800</subfield><subfield code="2">idref</subfield></datafield><datafield ind1=" " ind2="7" tag="650"><subfield code="a">GALAXIEN + EXTRAGALAKTISCHE SYSTEME (ASTRONOMIE)</subfield><subfield code="9">ger</subfield><subfield code="0">(ETHUDK)000014096</subfield><subfield code="2">ethudk</subfield></datafield><datafield ind1=" " ind2="7" tag="650"><subfield code="a">RADIOASTRONOMIE</subfield><subfield code="9">ger</subfield><subfield code="0">(ETHUDK)000013925</subfield><subfield code="2">ethudk</subfield></datafield><datafield ind1=" " ind2="7" tag="655"><subfield code="a">Actes de congrès</subfield><subfield code="0">(IDREF)02886431X</subfield><subfield code="2">idref</subfield></datafield><datafield ind1=" " ind2="7" tag="655"><subfield code="a">Konferenzschrift</subfield><subfield code="z">Albuquerque (NM)</subfield><subfield code="y">1981/08</subfield><subfield code="2">gnd-content</subfield></datafield><datafield ind1=" " ind2="7" tag="655"><subfield code="a">Konferenzschrift</subfield><subfield code="z">Albuquerque, NM</subfield><subfield code="y">1981</subfield><subfield code="2">gnd-content</subfield></datafield><datafield ind1="1" ind2=" " tag="700"><subfield code="a">Heeschen, D.S.</subfield></datafield><datafield ind1="1" ind2=" " tag="700"><subfield code="a">Wade, C.M.</subfield></datafield><datafield ind1="1" ind2=" " tag="700"><subfield code="a">Heeschen, David S</subfield><subfield code="0">(RERO)A003357644</subfield></datafield><datafield ind1="2" ind2=" " tag="710"><subfield code="a">International Union of Radio Science</subfield><subfield code="0">(DE-588)5097-0</subfield></datafield><datafield ind1="2" ind2=" " tag="710"><subfield code="a">Union astronomique internationale</subfield><subfield code="b">Symposium</subfield><subfield code="n">97</subfield><subfield code="d">1981</subfield><subfield code="c">Albuquerque</subfield><subfield code="0">(RERO)A012380972</subfield></datafield><datafield ind1="2" ind2=" " tag="711"><subfield code="a">International Astronomical Union</subfield><subfield code="e">Symposium</subfield><subfield code="0">(DE-588)1092309764</subfield></datafield><datafield ind1=" " ind2=" " tag="830"><subfield code="a">Symposium</subfield><subfield code="v">97</subfield><subfield code="w">(NEBIS)001470113EBI01</subfield></datafield><datafield ind1=" " ind2=" " tag="900"><subfield code="a">REROnoselfmerge</subfield></datafield><datafield ind1=" " ind2=" " tag="961"><subfield code="2">ge-obs</subfield><subfield code="a">24.27</subfield><subfield code="9">LOCAL</subfield></datafield><datafield ind1=" " ind2=" " tag="961"><subfield code="2">ge-obs</subfield><subfield code="a">21.1</subfield><subfield code="9">LOCAL</subfield></datafield></record>
</metadata></record>