<record><header><identifier>oai:alma.41SLSP_UGE:991000783559705502</identifier><datestamp>2024-09-21T00:22:52Z</datestamp><setSpec>uge_bcen_RapidILL_BOOK</setSpec><setSpec>uge_aaca_RapidILL_BOOK</setSpec><setSpec>uge_abels_RapidILL_BOOK</setSpec><setSpec>uge_dbu_RapidILL_BOOK</setSpec><setSpec>uge_cmu_RapidILL_BOOK</setSpec><setSpec>uge_mail_RapidILL_BOOK</setSpec><setSpec>uge_abbat_RapidILL_BOOK</setSpec><setSpec>UNIGE_ALL</setSpec><setSpec>uge_acar_RapidILL_BOOK</setSpec><setSpec>uge_aobs_RapidILL_BOOK</setSpec></header><metadata>
<record xmlns="http://www.loc.gov/MARC21/slim" xmlns:xsi="http://www.w3.org/2001/XMLSchema-instance" xsi:schemaLocation="http://www.loc.gov/MARC21/slim http://www.loc.gov/standards/marcxml/schema/MARC21slim.xsd"><leader>03115nam a2200805 c 4500</leader><controlfield tag="001">991000783559705502</controlfield><controlfield tag="005">20240920155718.0</controlfield><controlfield tag="008">201011s1998    sz a|||| |||| 00| ||ger d</controlfield><datafield ind1=" " ind2=" " tag="019"><subfield code="a">Datenimport FG Kornhaus</subfield><subfield code="5">IDSBB/B425/2019</subfield></datafield><datafield ind1=" " ind2=" " tag="020"><subfield code="a">3857826509</subfield></datafield><datafield ind1=" " ind2=" " tag="035"><subfield code="a">(swissbib)21890729X-41slsp_network</subfield></datafield><datafield ind1=" " ind2=" " tag="035"><subfield code="a">21890729X</subfield><subfield code="9">ExL</subfield></datafield><datafield ind1=" " ind2=" " tag="035"><subfield code="a">(RERO)R247086060-41slsp</subfield></datafield><datafield ind1=" " ind2=" " tag="035"><subfield code="a">(NEBIS)002031807EBI01</subfield></datafield><datafield ind1=" " ind2=" " tag="035"><subfield code="a">(IDSBB)001581056DSV01</subfield></datafield><datafield ind1=" " ind2=" " tag="035"><subfield code="a">(SBT)000210032SBT01</subfield></datafield><datafield ind1=" " ind2=" " tag="035"><subfield code="a">(IDSLU)000128103ILU01</subfield></datafield><datafield ind1=" " ind2=" " tag="035"><subfield code="a">(ABN)000098250ABN01</subfield></datafield><datafield ind1=" " ind2=" " tag="035"><subfield code="a">(ALEX)bv001478617</subfield></datafield><datafield ind1=" " ind2=" " tag="035"><subfield code="a">(EXLNZ-41SLSP_NETWORK)991017994779705501</subfield></datafield><datafield ind1=" " ind2=" " tag="040"><subfield code="a">RERO nebpun</subfield><subfield code="d">CH-ZuSLS</subfield></datafield><datafield ind1=" " ind2="7" tag="072"><subfield code="a">kh</subfield><subfield code="2">SzZuIDS BS/BE</subfield></datafield><datafield ind1=" " ind2="7" tag="072"><subfield code="a">at</subfield><subfield code="2">rero</subfield></datafield><datafield ind1=" " ind2="7" tag="072"><subfield code="a">ba</subfield><subfield code="2">rero</subfield></datafield><datafield ind1=" " ind2="7" tag="072"><subfield code="a">450</subfield><subfield code="2">IDS LU</subfield></datafield><datafield ind1="1" ind2=" " tag="080"><subfield code="a">7(494)</subfield></datafield><datafield ind1="0" ind2="4" tag="082"><subfield code="a">720.949456</subfield><subfield code="2">22</subfield></datafield><datafield ind1="1" ind2=" " tag="100"><subfield code="6">880-01</subfield><subfield code="a">Bossardt, Jürg Andrea</subfield><subfield code="d">19..-....</subfield><subfield code="0">(IDREF)082010668</subfield><subfield code="4">aut</subfield></datafield><datafield ind1="1" ind2=" " tag="880"><subfield code="6">100-01</subfield><subfield code="a">Bossardt, Jürg Andrea</subfield><subfield code="0">(DE-588)1031359338</subfield></datafield><datafield ind1="1" ind2="0" tag="245"><subfield code="a">&lt;&lt;Die&gt;&gt; Kirchen von Boswil</subfield><subfield code="b">Kanton Aargau</subfield><subfield code="c">Jürg Andrea Bossardt</subfield></datafield><datafield ind1=" " ind2="1" tag="264"><subfield code="a">Bern</subfield><subfield code="b">Gesellschaft für Schweizerische Kunstgeschichte</subfield><subfield code="c">[1998]</subfield></datafield><datafield ind1=" " ind2=" " tag="300"><subfield code="a">35 p.</subfield><subfield code="b">ill.</subfield><subfield code="c">21 cm</subfield></datafield><datafield ind1=" " ind2=" " tag="336"><subfield code="b">txt</subfield><subfield code="2">rdacontent</subfield></datafield><datafield ind1=" " ind2=" " tag="337"><subfield code="b">n</subfield><subfield code="2">rdamedia</subfield></datafield><datafield ind1=" " ind2=" " tag="338"><subfield code="b">nc</subfield><subfield code="2">rdacarrier</subfield></datafield><datafield ind1="1" ind2=" " tag="490"><subfield code="a">Schweizerische Kunstführer GSK</subfield><subfield code="v">Serie 65, Nr. 650</subfield></datafield><datafield ind1=" " ind2="7" tag="650"><subfield code="a">Églises</subfield><subfield code="0">(IDREF)02726663X</subfield><subfield code="2">idref</subfield></datafield><datafield ind1=" " ind2="7" tag="650"><subfield code="a">Kirche</subfield><subfield code="0">(DE-588)4030702-5</subfield><subfield code="2">gnd</subfield></datafield><datafield ind1=" " ind2="7" tag="650"><subfield code="a">Kirchenbau</subfield><subfield code="0">(DE-588)4073436-5</subfield><subfield code="2">gnd</subfield></datafield><datafield ind1=" " ind2="7" tag="650"><subfield code="a">Sakralbau</subfield><subfield code="0">(DE-588)4178936-2</subfield><subfield code="2">gnd</subfield></datafield><datafield ind1=" " ind2="0" tag="650"><subfield code="a">Church buildings</subfield><subfield code="z">Switzerland</subfield><subfield code="z">Boswil</subfield></datafield><datafield ind1=" " ind2="0" tag="650"><subfield code="a">Church decoration and ornament</subfield><subfield code="z">Switzerland</subfield><subfield code="z">Boswil</subfield></datafield><datafield ind1=" " ind2="7" tag="650"><subfield code="a">Kirchenbau</subfield><subfield code="2">idszbz</subfield></datafield><datafield ind1=" " ind2="7" tag="650"><subfield code="a">BOSWIL (KANTON AARGAU)</subfield><subfield code="9">ger</subfield><subfield code="0">(ETHUDK)000004797</subfield><subfield code="2">ethudk</subfield></datafield><datafield ind1=" " ind2="7" tag="650"><subfield code="a">KIRCHEN (ARCHITEKTUR)</subfield><subfield code="9">ger</subfield><subfield code="0">(ETHUDK)000035647</subfield><subfield code="2">ethudk</subfield></datafield><datafield ind1=" " ind2="7" tag="650"><subfield code="a">KUNSTFÜHRER + KULTURFÜHRER</subfield><subfield code="9">ger</subfield><subfield code="0">(ETHUDK)000009241</subfield><subfield code="2">ethudk</subfield></datafield><datafield ind1=" " ind2="7" tag="650"><subfield code="a">Chiese</subfield><subfield code="z">Boswil</subfield><subfield code="x">Guide artistiche</subfield><subfield code="2">sbt12</subfield></datafield><datafield ind1=" " ind2="7" tag="651"><subfield code="a">Boswil (Suisse)</subfield><subfield code="0">(RERO)A010055953</subfield><subfield code="2">rero</subfield></datafield><datafield ind1=" " ind2="7" tag="651"><subfield code="a">Boswil</subfield><subfield code="0">(DE-588)4333583-4</subfield><subfield code="2">gnd</subfield></datafield><datafield ind1=" " ind2="0" tag="651"><subfield code="a">Boswil (Switzerland)</subfield><subfield code="x">Buildings, structures, etc</subfield></datafield><datafield ind1=" " ind2="7" tag="651"><subfield code="a">Boswil</subfield><subfield code="2">idszbz</subfield></datafield><datafield ind1=" " ind2="7" tag="651"><subfield code="a">Schweiz</subfield><subfield code="2">idszbz</subfield></datafield><datafield ind1=" " ind2="7" tag="651"><subfield code="a">Boswil</subfield><subfield code="x">Kirchen</subfield><subfield code="v">Führer</subfield><subfield code="2">idsbb</subfield></datafield><datafield ind1=" " ind2="7" tag="655"><subfield code="a">Führer</subfield><subfield code="2">gnd-content</subfield></datafield><datafield ind1=" " ind2="7" tag="655"><subfield code="a">Kunstführer</subfield><subfield code="2">gnd-content</subfield></datafield><datafield ind1=" " ind2=" " tag="690"><subfield code="a">Boswil</subfield><subfield code="x">Kunstführer</subfield><subfield code="2">nebis-E4</subfield></datafield><datafield ind1=" " ind2=" " tag="690"><subfield code="a">Schweiz</subfield><subfield code="x">Kirchenbau</subfield><subfield code="x">15.Jh.</subfield><subfield code="2">nebis-E4</subfield></datafield><datafield ind1=" " ind2=" " tag="690"><subfield code="a">Schweiz</subfield><subfield code="x">Kirchenbau</subfield><subfield code="x">19.Jh.</subfield><subfield code="2">nebis-E4</subfield></datafield><datafield ind1=" " ind2=" " tag="690"><subfield code="a">Boswil. Alte Kirche</subfield><subfield code="2">uzb-US</subfield></datafield><datafield ind1=" " ind2=" " tag="690"><subfield code="a">Boswil. St.Pankraz</subfield><subfield code="2">uzb-US</subfield></datafield><datafield ind1=" " ind2=" " tag="690"><subfield code="a">Boswil. St.Martin</subfield><subfield code="2">uzb-US</subfield></datafield><datafield ind1=" " ind2=" " tag="690"><subfield code="a">Bosswil - Architektur</subfield><subfield code="2">ubs-A5</subfield></datafield><datafield ind1=" " ind2=" " tag="690"><subfield code="a">Boswil : Architektur</subfield><subfield code="2">zbs-FS</subfield></datafield><datafield ind1=" " ind2=" " tag="690"><subfield code="a">Boswil, Kirchen. Führer</subfield><subfield code="2">rzs-L1</subfield></datafield><datafield ind1=" " ind2="0" tag="830"><subfield code="a">Schweizerische Kunstführer</subfield><subfield code="v">650</subfield><subfield code="w">(IDSBB)000033435DSV01</subfield></datafield><datafield ind1=" " ind2="0" tag="830"><subfield code="a">Guide di monumenti svizzeri</subfield><subfield code="v">650</subfield><subfield code="w">(SBT)000000604SBT01</subfield></datafield><datafield ind1=" " ind2="0" tag="830"><subfield code="a">Schweizerische Kunstführer</subfield><subfield code="v">650</subfield><subfield code="w">(ALEX)bv9925987602801791</subfield></datafield><datafield ind1=" " ind2=" " tag="900"><subfield code="a">REROnoselfmerge</subfield></datafield><datafield ind1=" " ind2=" " tag="900"><subfield code="a">IDSE5E86ANH-2008</subfield></datafield><datafield ind1=" " ind2=" " tag="900"><subfield code="a">IDSE5E86ANH-2005</subfield></datafield><datafield ind1=" " ind2=" " tag="900"><subfield code="f">IDSU2medea</subfield></datafield></record>
</metadata></record>