<record><header><identifier>oai:alma.41SLSP_UGE:991000783229705502</identifier><datestamp>2024-05-18T01:47:12Z</datestamp><setSpec>uge_bcen_RapidILL_BOOK</setSpec><setSpec>uge_aaca_RapidILL_BOOK</setSpec><setSpec>uge_abels_RapidILL_BOOK</setSpec><setSpec>uge_dbu_RapidILL_BOOK</setSpec><setSpec>uge_cmu_RapidILL_BOOK</setSpec><setSpec>uge_mail_RapidILL_BOOK</setSpec><setSpec>uge_abbat_RapidILL_BOOK</setSpec><setSpec>UNIGE_ALL</setSpec><setSpec>uge_acar_RapidILL_BOOK</setSpec><setSpec>uge_aobs_RapidILL_BOOK</setSpec></header><metadata>
<record xmlns="http://www.loc.gov/MARC21/slim" xmlns:xsi="http://www.w3.org/2001/XMLSchema-instance" xsi:schemaLocation="http://www.loc.gov/MARC21/slim http://www.loc.gov/standards/marcxml/schema/MARC21slim.xsd"><leader>01626naa a2200325 c 4500</leader><controlfield tag="001">991000783229705502</controlfield><controlfield tag="005">20230703144535.0</controlfield><controlfield tag="008">070129s2007    ne ||||| |||| 01| ||fre d</controlfield><datafield ind1=" " ind2=" " tag="035"><subfield code="a">(swissbib)104680210-41slsp_network</subfield></datafield><datafield ind1=" " ind2=" " tag="035"><subfield code="a">104680210</subfield><subfield code="9">ExL</subfield></datafield><datafield ind1=" " ind2=" " tag="035"><subfield code="a">(RERO)R004318655-41slsp</subfield></datafield><datafield ind1=" " ind2=" " tag="035"><subfield code="a">(EXLNZ-41SLSP_NETWORK)991010248339705501</subfield></datafield><datafield ind1=" " ind2=" " tag="040"><subfield code="a">RERO geubfd</subfield><subfield code="d">CH-ZuSLS</subfield></datafield><datafield ind1=" " ind2="7" tag="072"><subfield code="a">dr</subfield><subfield code="2">rero</subfield></datafield><datafield ind1=" " ind2=" " tag="084"><subfield code="a">D 39.1 i</subfield><subfield code="2">cjurrom</subfield></datafield><datafield ind1="1" ind2=" " tag="100"><subfield code="a">Kolb, Robert</subfield><subfield code="c">juriste</subfield><subfield code="d">1967-....</subfield><subfield code="0">(IDREF)057801355</subfield><subfield code="4">aut</subfield></datafield><datafield ind1="1" ind2="0" tag="245"><subfield code="a">&lt;&lt;La&gt;&gt; dénonciation avec effet immédiat de déclarations facultatives établissant la compétence de la Cour internationale de justice</subfield><subfield code="c">Robert Kolb</subfield></datafield><datafield ind1=" " ind2=" " tag="336"><subfield code="b">txt</subfield><subfield code="2">rdacontent</subfield></datafield><datafield ind1=" " ind2=" " tag="337"><subfield code="b">n</subfield><subfield code="2">rdamedia</subfield></datafield><datafield ind1=" " ind2=" " tag="338"><subfield code="b">nc</subfield><subfield code="2">rdacarrier</subfield></datafield><datafield ind1="2" ind2="7" tag="610"><subfield code="a">Cour internationale de justice</subfield><subfield code="0">(IDREF)026373963</subfield><subfield code="2">idref</subfield></datafield><datafield ind1=" " ind2="7" tag="650"><subfield code="a">Anzeige(allgemein)</subfield><subfield code="9">ger</subfield><subfield code="0">(RERO)jurivoc000001542ger</subfield><subfield code="2">jurivoc</subfield></datafield><datafield ind1=" " ind2="7" tag="650"><subfield code="a">internationales Strafrecht</subfield><subfield code="9">ger</subfield><subfield code="0">(RERO)jurivoc000011986ger</subfield><subfield code="2">jurivoc</subfield></datafield><datafield ind1=" " ind2="7" tag="650"><subfield code="a">internationaler Gerichtshof</subfield><subfield code="9">ger</subfield><subfield code="0">(RERO)jurivoc000011945ger</subfield><subfield code="2">jurivoc</subfield></datafield><datafield ind1=" " ind2="7" tag="650"><subfield code="a">richterliche Behörde</subfield><subfield code="9">ger</subfield><subfield code="0">(RERO)jurivoc000018932ger</subfield><subfield code="2">jurivoc</subfield></datafield><datafield ind1=" " ind2="7" tag="650"><subfield code="a">Statut des internationalen Gerichtshofs</subfield><subfield code="9">ger</subfield><subfield code="0">(RERO)jurivoc000021297ger</subfield><subfield code="2">jurivoc</subfield></datafield><datafield ind1=" " ind2="7" tag="650"><subfield code="a">Vorbehalt und Erklärung</subfield><subfield code="9">ger</subfield><subfield code="0">(RERO)jurivoc000025706ger</subfield><subfield code="2">jurivoc</subfield></datafield><datafield ind1=" " ind2="7" tag="650"><subfield code="a">compétence (droit) - révocation</subfield><subfield code="0">(RERO)A010067205</subfield><subfield code="2">rerovoc</subfield></datafield><datafield ind1=" " ind2="7" tag="650"><subfield code="a">souveraineté de l'Etat</subfield><subfield code="0">(RERO)A010029690</subfield><subfield code="2">rerovoc</subfield></datafield><datafield ind1=" " ind2="7" tag="650"><subfield code="a">Droit international</subfield><subfield code="0">(IDREF)050627597</subfield><subfield code="2">idref</subfield></datafield><datafield ind1="0" ind2=" " tag="773"><subfield code="t">La promoting justice, human rights and conflict resolution through international law</subfield><subfield code="d">Leiden : M. Nijhoff, 2007</subfield><subfield code="g">pages 875-890</subfield><subfield code="w">(RERO)R004236647-41slsp</subfield></datafield></record>
</metadata></record>