<record><header><identifier>oai:alma.41SLSP_UGE:991000783329705502</identifier><datestamp>2023-07-02T00:12:26Z</datestamp><setSpec>uge_bcen_RapidILL_BOOK</setSpec><setSpec>uge_aaca_RapidILL_BOOK</setSpec><setSpec>uge_abels_RapidILL_BOOK</setSpec><setSpec>uge_dbu_RapidILL_BOOK</setSpec><setSpec>uge_cmu_RapidILL_BOOK</setSpec><setSpec>uge_mail_RapidILL_BOOK</setSpec><setSpec>uge_abbat_RapidILL_BOOK</setSpec><setSpec>UNIGE_ALL</setSpec><setSpec>uge_aobs_RapidILL_BOOK</setSpec><setSpec>uge_acar_RapidILL_BOOK</setSpec></header><metadata>
<record xmlns="http://www.loc.gov/MARC21/slim" xmlns:xsi="http://www.w3.org/2001/XMLSchema-instance" xsi:schemaLocation="http://www.loc.gov/MARC21/slim http://www.loc.gov/standards/marcxml/schema/MARC21slim.xsd"><leader>04318nam a2200721 c 4500</leader><controlfield tag="001">991000783329705502</controlfield><controlfield tag="005">20230407062203.0</controlfield><controlfield tag="008">201011s2010    xxk||||| |||| 00| ||eng d</controlfield><datafield ind1=" " ind2=" " tag="015"><subfield code="a">GBB004209</subfield><subfield code="2">bnb</subfield></datafield><datafield ind1=" " ind2=" " tag="020"><subfield code="a">9780521117425</subfield><subfield code="q">hardback</subfield></datafield><datafield ind1=" " ind2=" " tag="020"><subfield code="a">0521117429</subfield><subfield code="q">hbk.</subfield></datafield><datafield ind1="7" ind2=" " tag="024"><subfield code="a">http://catalogue.bnf.fr/ark:/12148/cb42151080p</subfield><subfield code="2">uri</subfield></datafield><datafield ind1=" " ind2=" " tag="035"><subfield code="a">(swissbib)218345909-41slsp_network</subfield></datafield><datafield ind1=" " ind2=" " tag="035"><subfield code="a">218345909</subfield><subfield code="9">ExL</subfield></datafield><datafield ind1=" " ind2=" " tag="035"><subfield code="a">(RERO)R005432429-41slsp</subfield></datafield><datafield ind1=" " ind2=" " tag="035"><subfield code="a">(IDSBB)005203832DSV01</subfield></datafield><datafield ind1=" " ind2=" " tag="035"><subfield code="a">(NEBIS)005991036EBI01</subfield></datafield><datafield ind1=" " ind2=" " tag="035"><subfield code="a">(OCoLC)499072964</subfield></datafield><datafield ind1=" " ind2=" " tag="035"><subfield code="a">(EXLNZ-41SLSP_NETWORK)991015253889705501</subfield></datafield><datafield ind1=" " ind2=" " tag="040"><subfield code="a">DLC</subfield><subfield code="d">CH-ZuSLS</subfield></datafield><datafield ind1="0" ind2="0" tag="050"><subfield code="a">PR2642.R65</subfield><subfield code="b">M68 2010</subfield></datafield><datafield ind1=" " ind2="7" tag="072"><subfield code="a">an</subfield><subfield code="2">rero</subfield></datafield><datafield ind1=" " ind2="7" tag="072"><subfield code="a">le</subfield><subfield code="2">SzZuIDS BS/BE</subfield></datafield><datafield ind1=" " ind2="7" tag="072"><subfield code="a">kp</subfield><subfield code="2">SzZuIDS BS/BE</subfield></datafield><datafield ind1="0" ind2="0" tag="082"><subfield code="a">822/.3</subfield><subfield code="2">22</subfield></datafield><datafield ind1="0" ind2="4" tag="082"><subfield code="a">821.309</subfield><subfield code="2">22</subfield></datafield><datafield ind1=" " ind2=" " tag="084"><subfield code="a">FX 181605</subfield><subfield code="2">rvk</subfield></datafield><datafield ind1=" " ind2=" " tag="084"><subfield code="a">HI 2555</subfield><subfield code="2">rvk</subfield></datafield><datafield ind1="1" ind2=" " tag="100"><subfield code="6">880-01</subfield><subfield code="a">Moul, Victoria</subfield><subfield code="d">1980-....</subfield><subfield code="0">(IDREF)148735533</subfield><subfield code="4">cre</subfield></datafield><datafield ind1="1" ind2=" " tag="880"><subfield code="a">Moul, Victoria</subfield><subfield code="d">1980-</subfield><subfield code="0">(DE-588)113259328X</subfield><subfield code="6">100-01</subfield></datafield><datafield ind1="1" ind2="0" tag="245"><subfield code="a">Jonson, Horace and the classical tradition</subfield><subfield code="c">Victoria Moul</subfield></datafield><datafield ind1=" " ind2="1" tag="264"><subfield code="a">Cambridge</subfield><subfield code="b">Cambridge University Press</subfield><subfield code="c">2010</subfield></datafield><datafield ind1=" " ind2=" " tag="300"><subfield code="a">x, 248 p.</subfield><subfield code="c">24 cm</subfield></datafield><datafield ind1=" " ind2=" " tag="336"><subfield code="b">txt</subfield><subfield code="2">rdacontent</subfield></datafield><datafield ind1=" " ind2=" " tag="337"><subfield code="b">n</subfield><subfield code="2">rdamedia</subfield></datafield><datafield ind1=" " ind2=" " tag="338"><subfield code="b">nc</subfield><subfield code="2">rdacarrier</subfield></datafield><datafield ind1=" " ind2=" " tag="504"><subfield code="a">Includes bibliographical references.</subfield></datafield><datafield ind1="0" ind2=" " tag="505"><subfield code="a">Introduction: imitation, allusion, translation: reading Jonson's Horace ; 1. Jonson's Odes: Horatian lyric presence and the dialogue with Pindar ; 2. Horatian libertas in Jonson's epigrams and epistles ; 3. Competing voices in Jonson's verse satires: Horace and Juvenal ; 4. Poetaster: classical translation and cultural authority ; 5. Translating Horace, translating Jonson ; Conclusion: More Remov'd Mysteries: Jonson's textual 'occasions' ; Appendix: Manuscript transcriptions ; Bibliography ; Index of passages discused ; General index</subfield></datafield><datafield ind1="8" ind2=" " tag="520"><subfield code="a">&quot;The influence of the Roman poet Horace on Ben Jonson has often been acknowledged, but never fully explored. Discussing Jonson's Horatianism in detail, this study also places Jonson's densely intertextual relationship with Horace's Latin text within the broader context of his complex negotiations with a range of other 'rivals' to the Horatian model including Pindar, Seneca, Juvenal and Martial. The new reading of Jonson's classicism that emerges is one founded not upon static imitation, but rather a lively dialogue between competing models - an allusive mode that extends into the seventeenth-century reception of Jonson himself as a latter-day 'Horace'. In the course of this analysis, the book provides fresh readings of many of Jonson's best known poems - including 'Inviting a Friend to Dinner' and 'To Penshurst' - as well as a new perspective on many lesser known pieces, and a range of unpublished manuscript material&quot;--Provided by publisher</subfield></datafield><datafield ind1="0" ind2="0" tag="600"><subfield code="a">Horace</subfield><subfield code="x">Influence</subfield></datafield><datafield ind1="1" ind2="0" tag="600"><subfield code="a">Jonson, Ben</subfield><subfield code="d">1573?-1637</subfield><subfield code="x">Criticism and interpretation</subfield></datafield><datafield ind1="1" ind2="0" tag="600"><subfield code="a">Jonson, Ben</subfield><subfield code="d">1573?-1637</subfield><subfield code="x">Knowledge</subfield><subfield code="x">Latin Literature</subfield></datafield><datafield ind1="1" ind2="0" tag="600"><subfield code="a">Jonson, Ben</subfield><subfield code="d">1573?-1637</subfield><subfield code="x">Knowledge</subfield><subfield code="x">Rome</subfield></datafield><datafield ind1="0" ind2="7" tag="600"><subfield code="a">Horace - influence exercée</subfield><subfield code="0">(RERO)A010096585</subfield><subfield code="2">rero</subfield></datafield><datafield ind1="1" ind2="7" tag="600"><subfield code="a">Jonson, Ben</subfield><subfield code="c">dramaturge</subfield><subfield code="d">1573?-1637</subfield><subfield code="0">(IDREF)026940183</subfield><subfield code="2">idref</subfield></datafield><datafield ind1="1" ind2="7" tag="600"><subfield code="a">Horatius Flaccus, Quintus</subfield><subfield code="d">v65-v8</subfield><subfield code="0">(DE-588)118553569</subfield><subfield code="2">gnd</subfield></datafield><datafield ind1="1" ind2="7" tag="600"><subfield code="a">Horatius Flaccus, Quintus</subfield><subfield code="x">Rezeption</subfield><subfield code="2">idsbb</subfield></datafield><datafield ind1="1" ind2="7" tag="600"><subfield code="a">Jonson, Ben</subfield><subfield code="x">Quellen und Vorbilder</subfield><subfield code="2">idsbb</subfield></datafield><datafield ind1="1" ind2="0" tag="600"><subfield code="a">Jonson, Ben</subfield><subfield code="d">1573?-1637</subfield><subfield code="x">Knowledge</subfield><subfield code="x">Literature</subfield></datafield><datafield ind1="1" ind2="7" tag="600"><subfield code="a">Jonson, Ben</subfield><subfield code="d">1572-1637</subfield><subfield code="0">(DE-588)118558323</subfield><subfield code="2">gnd</subfield></datafield><datafield ind1="1" ind2="7" tag="600"><subfield code="a">Jonson, Ben</subfield><subfield code="2">idszbz</subfield></datafield><datafield ind1="0" ind2="7" tag="600"><subfield code="a">Horaz</subfield><subfield code="2">idszbz</subfield></datafield><datafield ind1="1" ind2="0" tag="600"><subfield code="a">Jonson, Ben</subfield><subfield code="d">1573?-1637</subfield><subfield code="x">Knowledge</subfield></datafield><datafield ind1=" " ind2="7" tag="650"><subfield code="a">littérature latine - influence exercée</subfield><subfield code="0">(RERO)A010109241</subfield><subfield code="2">rerovoc</subfield></datafield><datafield ind1=" " ind2="0" tag="650"><subfield code="a">English poetry</subfield><subfield code="x">Roman influences</subfield></datafield><datafield ind1=" " ind2="0" tag="650"><subfield code="a">Classicism</subfield><subfield code="z">England</subfield><subfield code="x">History</subfield><subfield code="y">17th century</subfield></datafield><datafield ind1=" " ind2="0" tag="650"><subfield code="a">English poetry</subfield><subfield code="y">Early modern, 1500-1700</subfield><subfield code="x">History and criticism</subfield></datafield><datafield ind1=" " ind2="0" tag="650"><subfield code="a">English poetry</subfield><subfield code="x">Classical influences</subfield></datafield><datafield ind1=" " ind2="7" tag="650"><subfield code="a">Rezeption</subfield><subfield code="0">(DE-588)4049716-1</subfield><subfield code="2">gnd</subfield></datafield><datafield ind1=" " ind2="7" tag="650"><subfield code="a">Literatur</subfield><subfield code="2">idszbz</subfield></datafield><datafield ind1=" " ind2="7" tag="650"><subfield code="a">Latein</subfield><subfield code="2">idszbz</subfield></datafield><datafield ind1="4" ind2=" " tag="856"><subfield code="3">Titelblatt und Inhaltsverzeichnis</subfield><subfield code="u">https://toc.library.ethz.ch/objects/pdf/z01_978-0-521-11742-5_01.pdf</subfield><subfield code="q">pdf</subfield></datafield><datafield ind1=" " ind2=" " tag="900"><subfield code="a">IDSZ2zbzmon201004f</subfield><subfield code="c">IDSZ2gehm</subfield><subfield code="d">IDSZ2zbzswk201006b</subfield><subfield code="e">IDSZ2stor</subfield></datafield><datafield ind1=" " ind2=" " tag="949"><subfield code="a">https://toc.library.ethz.ch/objects/pdf/z01_978-0-521-11742-5_01.pdf</subfield></datafield></record>
</metadata></record>