<record><header><identifier>oai:alma.41SLSP_UGE:991000783339705502</identifier><datestamp>2024-05-18T01:24:54Z</datestamp><setSpec>uge_bcen_RapidILL_BOOK</setSpec><setSpec>uge_aaca_RapidILL_BOOK</setSpec><setSpec>uge_abels_RapidILL_BOOK</setSpec><setSpec>uge_dbu_RapidILL_BOOK</setSpec><setSpec>uge_cmu_RapidILL_BOOK</setSpec><setSpec>uge_mail_RapidILL_BOOK</setSpec><setSpec>uge_abbat_RapidILL_BOOK</setSpec><setSpec>UNIGE_ALL</setSpec><setSpec>uge_aobs_RapidILL_BOOK</setSpec><setSpec>uge_acar_RapidILL_BOOK</setSpec></header><metadata>
<record xmlns="http://www.loc.gov/MARC21/slim" xmlns:xsi="http://www.w3.org/2001/XMLSchema-instance" xsi:schemaLocation="http://www.loc.gov/MARC21/slim http://www.loc.gov/standards/marcxml/schema/MARC21slim.xsd"><leader>01229nam a2200337 c 4500</leader><controlfield tag="001">991000783339705502</controlfield><controlfield tag="005">20230121163915.0</controlfield><controlfield tag="008">960525m19531972xxu||||| |||| 00| ||eng d</controlfield><datafield ind1=" " ind2=" " tag="035"><subfield code="a">(swissbib)076781933-41slsp_network</subfield></datafield><datafield ind1=" " ind2=" " tag="035"><subfield code="a">076781933</subfield><subfield code="9">ExL</subfield></datafield><datafield ind1=" " ind2=" " tag="035"><subfield code="a">(RERO)0061912-41slsp</subfield></datafield><datafield ind1=" " ind2=" " tag="035"><subfield code="a">(EXLNZ-41SLSP_NETWORK)991086891539705501</subfield></datafield><datafield ind1=" " ind2=" " tag="040"><subfield code="a">RERO</subfield><subfield code="d">CH-ZuSLS</subfield></datafield><datafield ind1=" " ind2="7" tag="072"><subfield code="a">an</subfield><subfield code="2">rero</subfield></datafield><datafield ind1="1" ind2=" " tag="080"><subfield code="a">820(73)&quot;17/18&quot;JAMH8</subfield></datafield><datafield ind1="1" ind2=" " tag="100"><subfield code="a">Edel, Leon</subfield><subfield code="0">(RERO)A003208447</subfield><subfield code="4">cre</subfield></datafield><datafield ind1="1" ind2="0" tag="245"><subfield code="a">Henry James</subfield><subfield code="c">Leon Edel</subfield></datafield><datafield ind1=" " ind2="1" tag="264"><subfield code="a">Philadelphia</subfield><subfield code="a">New York</subfield><subfield code="b">J.B. Lippincott</subfield><subfield code="c">[1953-1972]</subfield></datafield><datafield ind1=" " ind2="4" tag="264"><subfield code="c">© 1953-1972</subfield></datafield><datafield ind1=" " ind2=" " tag="300"><subfield code="a">5 vol.</subfield><subfield code="c">22 cm</subfield></datafield><datafield ind1=" " ind2=" " tag="336"><subfield code="b">txt</subfield><subfield code="2">rdacontent</subfield></datafield><datafield ind1=" " ind2=" " tag="337"><subfield code="b">n</subfield><subfield code="2">rdamedia</subfield></datafield><datafield ind1=" " ind2=" " tag="338"><subfield code="b">nc</subfield><subfield code="2">rdacarrier</subfield></datafield><datafield ind1="0" ind2="0" tag="505"><subfield code="g">[1]:</subfield><subfield code="t">The untried year, 1843-1870. - Cop. 1953. - 350 p</subfield></datafield><datafield ind1="0" ind2="0" tag="505"><subfield code="g">[2]:</subfield><subfield code="t">The conquest of London, 1870-1881. - Cop. 1962. - 465 p</subfield></datafield><datafield ind1="0" ind2="0" tag="505"><subfield code="g">[3]:</subfield><subfield code="t">The middle years, 1882-1895. - Cop. 1962. - 408 p</subfield></datafield><datafield ind1="0" ind2="0" tag="505"><subfield code="g">[4]:</subfield><subfield code="t">The treacherous years, 1895-1901. - Cop. 1969. - 381 p</subfield></datafield><datafield ind1="0" ind2="0" tag="505"><subfield code="g">[5]:</subfield><subfield code="t">The master, 1901-1916. - Cop. 1972. - 591 p</subfield></datafield><datafield ind1="1" ind2="7" tag="600"><subfield code="a">James, Henry</subfield><subfield code="c">écrivain</subfield><subfield code="d">1843-1916</subfield><subfield code="0">(IDREF)026934612</subfield><subfield code="2">idref</subfield></datafield><datafield ind1=" " ind2="7" tag="655"><subfield code="a">[document]</subfield><subfield code="2">rerovoc</subfield><subfield code="0">(RERO)A010182398</subfield></datafield><datafield ind1=" " ind2="7" tag="655"><subfield code="a">Biographie</subfield><subfield code="0">(IDREF)027281558</subfield><subfield code="2">idref</subfield></datafield><datafield ind1=" " ind2=" " tag="900"><subfield code="a">REROnoselfmerge</subfield></datafield></record>
</metadata></record>