<record><header><identifier>oai:alma.41SLSP_UGE:991000783549705502</identifier><datestamp>2023-03-31T00:16:06Z</datestamp><setSpec>uge_bcen_RapidILL_BOOK</setSpec><setSpec>uge_aaca_RapidILL_BOOK</setSpec><setSpec>uge_abels_RapidILL_BOOK</setSpec><setSpec>uge_dbu_RapidILL_BOOK</setSpec><setSpec>uge_cmu_RapidILL_BOOK</setSpec><setSpec>uge_mail_RapidILL_BOOK</setSpec><setSpec>uge_abbat_RapidILL_BOOK</setSpec><setSpec>UNIGE_ALL</setSpec><setSpec>uge_acar_RapidILL_BOOK</setSpec><setSpec>uge_aobs_RapidILL_BOOK</setSpec></header><metadata>
<record xmlns="http://www.loc.gov/MARC21/slim" xmlns:xsi="http://www.w3.org/2001/XMLSchema-instance" xsi:schemaLocation="http://www.loc.gov/MARC21/slim http://www.loc.gov/standards/marcxml/schema/MARC21slim.xsd"><leader>03255nam a2200661 c 4500</leader><controlfield tag="001">991000783549705502</controlfield><controlfield tag="005">20230330221018.0</controlfield><controlfield tag="008">201012s2001    cd ||||| |||| 00| ||fre d</controlfield><datafield ind1=" " ind2=" " tag="020"><subfield code="a">2760618226</subfield><subfield code="q">Ed. canadienne, PUM</subfield></datafield><datafield ind1=" " ind2=" " tag="020"><subfield code="a">2825707627</subfield><subfield code="q">Ed. européenne, Georg Ed.</subfield></datafield><datafield ind1="7" ind2=" " tag="024"><subfield code="a">http://catalogue.bnf.fr/ark:/12148/cb38819112h</subfield><subfield code="2">uri</subfield></datafield><datafield ind1=" " ind2=" " tag="035"><subfield code="a">(swissbib)234324759-41slsp_network</subfield></datafield><datafield ind1=" " ind2=" " tag="035"><subfield code="a">234324759</subfield><subfield code="9">ExL</subfield></datafield><datafield ind1=" " ind2=" " tag="035"><subfield code="a">(RERO)R003158592-41slsp</subfield></datafield><datafield ind1=" " ind2=" " tag="035"><subfield code="a">(IDSBB)002612019DSV01</subfield></datafield><datafield ind1=" " ind2=" " tag="035"><subfield code="a">(SBT)000592408SBT01</subfield></datafield><datafield ind1=" " ind2=" " tag="035"><subfield code="a">(NEBIS)008393044EBI01</subfield></datafield><datafield ind1=" " ind2=" " tag="035"><subfield code="a">(EXLNZ-41SLSP_NETWORK)991041788489705501</subfield></datafield><datafield ind1=" " ind2=" " tag="040"><subfield code="a">RERO geuhim</subfield><subfield code="d">CH-ZuSLS</subfield></datafield><datafield ind1=" " ind2="7" tag="072"><subfield code="a">me</subfield><subfield code="2">rero</subfield></datafield><datafield ind1=" " ind2="7" tag="072"><subfield code="a">mg</subfield><subfield code="2">SzZuIDS BS/BE</subfield></datafield><datafield ind1="1" ind2="4" tag="082"><subfield code="a">610</subfield><subfield code="2">15</subfield></datafield><datafield ind1=" " ind2=" " tag="084"><subfield code="a">4,1</subfield><subfield code="2">ssgn</subfield></datafield><datafield ind1=" " ind2=" " tag="084"><subfield code="a">XB 3200</subfield><subfield code="2">rvk</subfield></datafield><datafield ind1=" " ind2=" " tag="084"><subfield code="a">XB 3400</subfield><subfield code="2">rvk</subfield></datafield><datafield ind1="1" ind2=" " tag="100"><subfield code="6">880-01</subfield><subfield code="a">Keel, Othmar</subfield><subfield code="c">historien</subfield><subfield code="d">19..-....</subfield><subfield code="0">(IDREF)031276652</subfield><subfield code="4">cre</subfield></datafield><datafield ind1="1" ind2=" " tag="880"><subfield code="a">Keel, Othmar</subfield><subfield code="d">1937-</subfield><subfield code="0">(DE-588)115558241</subfield><subfield code="6">100-01</subfield></datafield><datafield ind1="1" ind2="0" tag="245"><subfield code="a">&lt;&lt;L'&gt;&gt;avènement de la médecine clinique moderne en Europe</subfield><subfield code="b">1750-1815 : politiques, institutions et savoirs</subfield><subfield code="c">Othmar Keel</subfield></datafield><datafield ind1=" " ind2="1" tag="264"><subfield code="a">Montréal</subfield><subfield code="b">Presses de l'Univ. de Montréal</subfield><subfield code="a">[Genève]</subfield><subfield code="b">Georg</subfield><subfield code="c">2001</subfield></datafield><datafield ind1=" " ind2=" " tag="300"><subfield code="a">542 p.</subfield><subfield code="c">24 cm</subfield></datafield><datafield ind1=" " ind2=" " tag="336"><subfield code="b">txt</subfield><subfield code="2">rdacontent</subfield></datafield><datafield ind1=" " ind2=" " tag="337"><subfield code="b">n</subfield><subfield code="2">rdamedia</subfield></datafield><datafield ind1=" " ind2=" " tag="338"><subfield code="b">nc</subfield><subfield code="2">rdacarrier</subfield></datafield><datafield ind1="1" ind2=" " tag="490"><subfield code="a">Bibliothèque d'histoire de la médecine et de la santé</subfield></datafield><datafield ind1=" " ind2=" " tag="500"><subfield code="a">Betr. u.a. Albrecht von Hallers Gewebelehre und physiologischen Konzepte (insbes. S. 320-331).</subfield><subfield code="5">B412</subfield></datafield><datafield ind1=" " ind2=" " tag="520"><subfield code="a">Le processus d'émergence, de structuration et d'institutionnalisation de la nouvelle médecine clinique, dite moderne, qui prend place en Europe à la fin du xviiie et au début du xixe siècle représente une rupture sans précédent avec une tradition hippocratico-galénique vieille de près de vingt-trois siècles. La recherche, l'enseignement et la pratique ont désormais pour cadre central l'espace hospitalier, qui devient le champ principal de l'expérience clinique.</subfield><subfield code="5">SBT/FSCMH 2.6.2009</subfield></datafield><datafield ind1=" " ind2="7" tag="648"><subfield code="a">Geschichte 1750-1815</subfield><subfield code="2">gnd</subfield></datafield><datafield ind1=" " ind2="7" tag="650"><subfield code="a">Histoire</subfield><subfield code="0">(IDREF)02726470X</subfield><subfield code="2">idref</subfield></datafield><datafield ind1=" " ind2="7" tag="650"><subfield code="a">Diagnostic clinique</subfield><subfield code="0">(IDREF)027388328</subfield><subfield code="2">idref</subfield></datafield><datafield ind1=" " ind2="7" tag="650"><subfield code="a">Politique sanitaire</subfield><subfield code="0">(IDREF)027243192</subfield><subfield code="2">idref</subfield></datafield><datafield ind1=" " ind2="7" tag="650"><subfield code="a">1750-1815</subfield><subfield code="2">rero</subfield></datafield><datafield ind1=" " ind2="7" tag="650"><subfield code="a">Médecine clinique</subfield><subfield code="0">(IDREF)027238989</subfield><subfield code="2">idref</subfield></datafield><datafield ind1=" " ind2="7" tag="650"><subfield code="a">Medizin</subfield><subfield code="z">Europa</subfield><subfield code="y">Geschichte 18. Jh</subfield><subfield code="2">idsbb</subfield></datafield><datafield ind1=" " ind2="7" tag="650"><subfield code="a">Medizin</subfield><subfield code="z">Europa</subfield><subfield code="y">Geschichte 19. Jh</subfield><subfield code="2">idsbb</subfield></datafield><datafield ind1=" " ind2="7" tag="650"><subfield code="a">Diagnose</subfield><subfield code="0">(DE-588)4012040-5</subfield><subfield code="2">gnd</subfield></datafield><datafield ind1=" " ind2="7" tag="650"><subfield code="a">Gesundheitspolitik</subfield><subfield code="0">(DE-588)4113743-7</subfield><subfield code="2">gnd</subfield></datafield><datafield ind1=" " ind2="7" tag="650"><subfield code="a">Medizin</subfield><subfield code="0">(DE-588)4038243-6</subfield><subfield code="2">gnd</subfield></datafield><datafield ind1=" " ind2="7" tag="650"><subfield code="a">Krankenhaus</subfield><subfield code="0">(DE-588)4032786-3</subfield><subfield code="2">gnd</subfield></datafield><datafield ind1=" " ind2="7" tag="651"><subfield code="a">Europe</subfield><subfield code="0">(IDREF)027224651</subfield><subfield code="2">idref</subfield></datafield><datafield ind1=" " ind2="7" tag="651"><subfield code="a">Europa</subfield><subfield code="0">(DE-588)4015701-5</subfield><subfield code="2">gnd</subfield></datafield><datafield ind1=" " ind2=" " tag="690"><subfield code="a">Haller, Albrecht von (1708-1777), Gewebelehre</subfield><subfield code="2">ube-BD</subfield></datafield><datafield ind1=" " ind2=" " tag="690"><subfield code="a">Haller, Albrecht von (1708-1777), Physiologie, Allgemeines</subfield><subfield code="2">ube-BD</subfield></datafield><datafield ind1=" " ind2=" " tag="690"><subfield code="a">Physiologie, 18. Jh., Haller, Albrecht von, Allgemeines</subfield><subfield code="2">ube-BE</subfield></datafield><datafield ind1=" " ind2=" " tag="690"><subfield code="a">Medizingeschichte</subfield><subfield code="2">uzb-UU</subfield></datafield><datafield ind1=" " ind2=" " tag="690"><subfield code="a">Medizingeschichte: 18. Jahrhundert</subfield><subfield code="2">uzb-UU</subfield></datafield><datafield ind1=" " ind2=" " tag="690"><subfield code="a">Medizingeschichte: 19. Jahrhundert</subfield><subfield code="2">uzb-UU</subfield></datafield><datafield ind1=" " ind2=" " tag="691"><subfield code="e">2.11.3.2 Haller, Albrecht von (1708-1777)</subfield><subfield code="2">ube-GA</subfield></datafield><datafield ind1=" " ind2="0" tag="830"><subfield code="a">Bibliothèque d'histoire de la médecine et de la santé</subfield><subfield code="w">(RERO)R273336760-41slsp</subfield></datafield><datafield ind1=" " ind2=" " tag="900"><subfield code="a">REROnoselfmerge</subfield></datafield></record>
</metadata></record>