<record><header><identifier>oai:alma.41SLSP_UGE:991000783859705502</identifier><datestamp>2023-03-01T01:09:56Z</datestamp><setSpec>uge_bcen_RapidILL_BOOK</setSpec><setSpec>uge_aaca_RapidILL_BOOK</setSpec><setSpec>uge_abels_RapidILL_BOOK</setSpec><setSpec>uge_dbu_RapidILL_BOOK</setSpec><setSpec>uge_cmu_RapidILL_BOOK</setSpec><setSpec>uge_mail_RapidILL_BOOK</setSpec><setSpec>UNIGE_ALL</setSpec><setSpec>uge_abbat_RapidILL_BOOK</setSpec><setSpec>uge_aobs_RapidILL_BOOK</setSpec><setSpec>uge_acar_RapidILL_BOOK</setSpec></header><metadata>
<record xmlns="http://www.loc.gov/MARC21/slim" xmlns:xsi="http://www.w3.org/2001/XMLSchema-instance" xsi:schemaLocation="http://www.loc.gov/MARC21/slim http://www.loc.gov/standards/marcxml/schema/MARC21slim.xsd"><leader>02141nam a2200589 c 4500</leader><controlfield tag="001">991000783859705502</controlfield><controlfield tag="005">20210207194018.0</controlfield><controlfield tag="008">201011t19921992xxu||||| |||| 00| ||eng d</controlfield><datafield ind1=" " ind2=" " tag="010"><subfield code="a">92004962</subfield></datafield><datafield ind1=" " ind2=" " tag="020"><subfield code="a">0306439832</subfield></datafield><datafield ind1=" " ind2=" " tag="035"><subfield code="a">(swissbib)223656380-41slsp_network</subfield></datafield><datafield ind1=" " ind2=" " tag="035"><subfield code="a">223656380</subfield><subfield code="9">ExL</subfield></datafield><datafield ind1=" " ind2=" " tag="035"><subfield code="a">(RERO)1544093-41slsp</subfield></datafield><datafield ind1=" " ind2=" " tag="035"><subfield code="a">(NEBIS)000649722EBI01</subfield></datafield><datafield ind1=" " ind2=" " tag="035"><subfield code="a">(IDSBB)000828009DSV01</subfield></datafield><datafield ind1=" " ind2=" " tag="035"><subfield code="a">(EXLNZ-41SLSP_NETWORK)991002703399705501</subfield></datafield><datafield ind1=" " ind2=" " tag="040"><subfield code="a">RERO labcud</subfield><subfield code="d">CH-ZuSLS</subfield></datafield><datafield ind1=" " ind2=" " tag="044"><subfield code="a">xxu</subfield><subfield code="a">xxk</subfield></datafield><datafield ind1=" " ind2="7" tag="072"><subfield code="a">me</subfield><subfield code="2">rero</subfield></datafield><datafield ind1=" " ind2="7" tag="072"><subfield code="a">bi</subfield><subfield code="2">SzZuIDS BS/BE</subfield></datafield><datafield ind1="0" ind2="0" tag="082"><subfield code="a">599/.036</subfield><subfield code="2">20</subfield></datafield><datafield ind1="0" ind2="4" tag="082"><subfield code="a">574.3</subfield></datafield><datafield ind1="1" ind2="4" tag="082"><subfield code="a">570</subfield><subfield code="2">15</subfield></datafield><datafield ind1="0" ind2="0" tag="245"><subfield code="a">Sexual differentiation</subfield><subfield code="c">ed. by Arnold A. Gerall, Howard Moltz and Ingeborg L. Ward</subfield></datafield><datafield ind1=" " ind2="1" tag="264"><subfield code="a">New York</subfield><subfield code="a">London</subfield><subfield code="b">Plenum Press</subfield><subfield code="c">[1992]</subfield></datafield><datafield ind1=" " ind2="4" tag="264"><subfield code="c">© 1992</subfield></datafield><datafield ind1=" " ind2=" " tag="300"><subfield code="a">XV, 362 p.</subfield><subfield code="b">ill.</subfield><subfield code="c">27 cm</subfield></datafield><datafield ind1=" " ind2=" " tag="336"><subfield code="b">txt</subfield><subfield code="2">rdacontent</subfield></datafield><datafield ind1=" " ind2=" " tag="337"><subfield code="b">n</subfield><subfield code="2">rdamedia</subfield></datafield><datafield ind1=" " ind2=" " tag="338"><subfield code="b">nc</subfield><subfield code="2">rdacarrier</subfield></datafield><datafield ind1="1" ind2=" " tag="490"><subfield code="a">Handbook of behavioral neurobiology</subfield><subfield code="v">vol. 11</subfield></datafield><datafield ind1=" " ind2="2" tag="650"><subfield code="a">Sex Behavior</subfield></datafield><datafield ind1=" " ind2="2" tag="650"><subfield code="a">Sex Differentiation</subfield></datafield><datafield ind1=" " ind2="2" tag="650"><subfield code="a">Sex Differentiation Disorders</subfield></datafield><datafield ind1=" " ind2="2" tag="650"><subfield code="a">Sex Characteristics</subfield></datafield><datafield ind1=" " ind2="7" tag="650"><subfield code="a">sexe (genre) - différenciation</subfield><subfield code="0">(RERO)A010028197</subfield><subfield code="2">rerovoc</subfield></datafield><datafield ind1=" " ind2="7" tag="650"><subfield code="a">Geschlechtsunterschied</subfield><subfield code="2">idszbz</subfield></datafield><datafield ind1=" " ind2="7" tag="650"><subfield code="a">Neurobiologie</subfield><subfield code="2">idszbz</subfield></datafield><datafield ind1=" " ind2="7" tag="650"><subfield code="a">Psychobiologie</subfield><subfield code="2">idszbz</subfield></datafield><datafield ind1=" " ind2="7" tag="650"><subfield code="a">Geschlechtsdifferenzierung</subfield><subfield code="0">(DE-588)4139493-8</subfield><subfield code="2">gnd</subfield></datafield><datafield ind1=" " ind2="0" tag="650"><subfield code="a">Sex differences</subfield></datafield><datafield ind1=" " ind2="0" tag="650"><subfield code="a">Sex differentiation</subfield></datafield><datafield ind1=" " ind2="7" tag="650"><subfield code="a">NEUROETHOLOGIE, VERHALTENSNEUROLOGIE (BIOLOGIE)</subfield><subfield code="9">ger</subfield><subfield code="0">(ETHUDK)000021250</subfield><subfield code="2">ethudk</subfield></datafield><datafield ind1=" " ind2="7" tag="650"><subfield code="a">SEXUELLE DIFFERENZIERUNG (BIOLOGIE)</subfield><subfield code="9">ger</subfield><subfield code="0">(ETHUDK)000021225</subfield><subfield code="2">ethudk</subfield></datafield><datafield ind1=" " ind2="7" tag="655"><subfield code="a">[Études diverses]</subfield><subfield code="0">(RERO)A022249905</subfield><subfield code="2">rero</subfield></datafield><datafield ind1=" " ind2="7" tag="655"><subfield code="a">Handbuch</subfield><subfield code="2">idszbz</subfield></datafield><datafield ind1="1" ind2=" " tag="700"><subfield code="a">Moltz, Howard</subfield></datafield><datafield ind1="1" ind2=" " tag="700"><subfield code="a">Ward, Ingeborg L.</subfield></datafield><datafield ind1="1" ind2=" " tag="700"><subfield code="a">Gerall, Arnold A</subfield><subfield code="0">(RERO)A003289433</subfield></datafield><datafield ind1="4" ind2=" " tag="856"><subfield code="3">Abstract / Autoreninformation</subfield><subfield code="u">https://toc.library.ethz.ch/objects/pdf/000065171_e01_0306439832_02.pdf</subfield><subfield code="q">pdf</subfield></datafield><datafield ind1=" " ind2="0" tag="830"><subfield code="a">Handbook of behavioral neurobiology</subfield><subfield code="v">11</subfield><subfield code="w">(RERO)0336423-41slsp</subfield></datafield><datafield ind1=" " ind2="0" tag="830"><subfield code="a">Handbook of behavioral neurobiology</subfield><subfield code="v">11</subfield><subfield code="w">(NEBIS)000994556EBI01</subfield></datafield><datafield ind1=" " ind2=" " tag="900"><subfield code="a">REROnoselfmerge</subfield></datafield></record>
</metadata></record>