<record><header><identifier>oai:alma.41SLSP_UGE:991000783789705502</identifier><datestamp>2023-05-03T00:35:41Z</datestamp><setSpec>uge_bcen_RapidILL_BOOK</setSpec><setSpec>uge_aaca_RapidILL_BOOK</setSpec><setSpec>uge_abels_RapidILL_BOOK</setSpec><setSpec>uge_dbu_RapidILL_BOOK</setSpec><setSpec>uge_cmu_RapidILL_BOOK</setSpec><setSpec>uge_mail_RapidILL_BOOK</setSpec><setSpec>uge_abbat_RapidILL_BOOK</setSpec><setSpec>UNIGE_ALL</setSpec><setSpec>uge_acar_RapidILL_BOOK</setSpec><setSpec>uge_aobs_RapidILL_BOOK</setSpec></header><metadata>
<record xmlns="http://www.loc.gov/MARC21/slim" xmlns:xsi="http://www.w3.org/2001/XMLSchema-instance" xsi:schemaLocation="http://www.loc.gov/MARC21/slim http://www.loc.gov/standards/marcxml/schema/MARC21slim.xsd"><leader>02184nam a2200601 c 4500</leader><controlfield tag="001">991000783789705502</controlfield><controlfield tag="005">20230502190857.0</controlfield><controlfield tag="008">201011t19901990gw ||||| |||| 00| ||ger d</controlfield><datafield ind1=" " ind2=" " tag="020"><subfield code="a">3170106279</subfield></datafield><datafield ind1=" " ind2=" " tag="035"><subfield code="a">(swissbib)215767284-41slsp_network</subfield></datafield><datafield ind1=" " ind2=" " tag="035"><subfield code="a">215767284</subfield><subfield code="9">ExL</subfield></datafield><datafield ind1=" " ind2=" " tag="035"><subfield code="a">(RERO)1318146-41slsp</subfield></datafield><datafield ind1=" " ind2=" " tag="035"><subfield code="a">(IDSBB)000667892DSV01</subfield></datafield><datafield ind1=" " ind2=" " tag="035"><subfield code="a">(NEBIS)000599516EBI01</subfield></datafield><datafield ind1=" " ind2=" " tag="035"><subfield code="a">(IDSLU)000052668ILU01</subfield></datafield><datafield ind1=" " ind2=" " tag="035"><subfield code="a">(EXLNZ-41SLSP_NETWORK)991136884519705501</subfield></datafield><datafield ind1=" " ind2=" " tag="040"><subfield code="a">RERO frbcuc</subfield><subfield code="d">CH-ZuSLS</subfield></datafield><datafield ind1="1" ind2=" " tag="041"><subfield code="a">ger</subfield><subfield code="h">eng</subfield></datafield><datafield ind1=" " ind2="7" tag="072"><subfield code="a">at</subfield><subfield code="2">rero</subfield></datafield><datafield ind1=" " ind2="7" tag="072"><subfield code="a">th</subfield><subfield code="2">rero</subfield></datafield><datafield ind1=" " ind2="7" tag="072"><subfield code="a">kh</subfield><subfield code="2">SzZuIDS BS/BE</subfield></datafield><datafield ind1=" " ind2="7" tag="072"><subfield code="a">450</subfield><subfield code="2">IDS LU</subfield></datafield><datafield ind1=" " ind2=" " tag="084"><subfield code="a">9,10</subfield><subfield code="2">ssgn</subfield></datafield><datafield ind1=" " ind2=" " tag="084"><subfield code="a">BS 4550</subfield><subfield code="2">rvk</subfield></datafield><datafield ind1=" " ind2=" " tag="084"><subfield code="a">LH 67580</subfield><subfield code="2">rvk</subfield></datafield><datafield ind1=" " ind2=" " tag="084"><subfield code="a">ZH 6310</subfield><subfield code="2">rvk</subfield></datafield><datafield ind1="1" ind2=" " tag="100"><subfield code="a">Norman, Edward R.</subfield><subfield code="d">1938-</subfield><subfield code="0">(DE-588)118184040</subfield><subfield code="6">880-01</subfield></datafield><datafield ind1="1" ind2=" " tag="880"><subfield code="6">100-01</subfield><subfield code="a">Norman, Edward</subfield><subfield code="d">1938-....</subfield><subfield code="0">(IDREF)02846365X</subfield><subfield code="4">cre</subfield></datafield><datafield ind1="1" ind2="0" tag="245"><subfield code="a">&lt;&lt;Das&gt;&gt; Haus Gottes</subfield><subfield code="b">die Geschichte der christlichen Kirchen</subfield><subfield code="c">Edward Norman ; [Übers. aus dem Englischen von Siglinde Summerer und Gerda Kurz]</subfield></datafield><datafield ind1="1" ind2=" " tag="246"><subfield code="a">&lt;&lt;The&gt;&gt; house of God</subfield></datafield><datafield ind1=" " ind2="1" tag="264"><subfield code="a">Stuttgart</subfield><subfield code="b">W. Kohlhammer</subfield><subfield code="c">[1990]</subfield></datafield><datafield ind1=" " ind2="4" tag="264"><subfield code="c">© 1990</subfield></datafield><datafield ind1=" " ind2=" " tag="300"><subfield code="a">312 S.</subfield><subfield code="c">30 cm</subfield><subfield code="b">Ill., z.T. farb.</subfield></datafield><datafield ind1=" " ind2=" " tag="336"><subfield code="b">txt</subfield><subfield code="2">rdacontent</subfield></datafield><datafield ind1=" " ind2=" " tag="337"><subfield code="b">n</subfield><subfield code="2">rdamedia</subfield></datafield><datafield ind1=" " ind2=" " tag="338"><subfield code="b">nc</subfield><subfield code="2">rdacarrier</subfield></datafield><datafield ind1=" " ind2=" " tag="500"><subfield code="a">Originaltitel: The house of god</subfield></datafield><datafield ind1=" " ind2="7" tag="648"><subfield code="a">Kirchengeschichte</subfield><subfield code="2">gnd</subfield></datafield><datafield ind1=" " ind2="7" tag="650"><subfield code="a">Architecture chrétienne</subfield><subfield code="0">(IDREF)027269205</subfield><subfield code="2">idref</subfield></datafield><datafield ind1=" " ind2="7" tag="650"><subfield code="a">4e siècle-20e siècle</subfield><subfield code="2">idref</subfield></datafield><datafield ind1=" " ind2="7" tag="650"><subfield code="a">iconographie</subfield><subfield code="0">(RERO)A009950092</subfield><subfield code="2">rerovoc</subfield></datafield><datafield ind1=" " ind2="7" tag="650"><subfield code="a">Églises</subfield><subfield code="0">(IDREF)02726663X</subfield><subfield code="2">idref</subfield></datafield><datafield ind1=" " ind2="7" tag="650"><subfield code="a">Kirchenbau</subfield><subfield code="y">Geschichte</subfield><subfield code="2">idsbb</subfield></datafield><datafield ind1=" " ind2="7" tag="650"><subfield code="a">Sakralbau</subfield><subfield code="0">(DE-588)4178936-2</subfield><subfield code="2">gnd</subfield></datafield><datafield ind1=" " ind2="7" tag="650"><subfield code="a">ARCHITEKTURGESCHICHTE</subfield><subfield code="9">ger</subfield><subfield code="0">(ETHUDK)000041179</subfield><subfield code="2">ethudk</subfield></datafield><datafield ind1=" " ind2="7" tag="650"><subfield code="a">KIRCHEN (ARCHITEKTUR)</subfield><subfield code="9">ger</subfield><subfield code="0">(ETHUDK)000035647</subfield><subfield code="2">ethudk</subfield></datafield><datafield ind1=" " ind2="7" tag="655"><subfield code="a">Bildband</subfield><subfield code="2">gnd-content</subfield></datafield><datafield ind1=" " ind2=" " tag="690"><subfield code="a">Kirchenbau. Geschichte. A.D.</subfield><subfield code="2">rzs-L1</subfield></datafield><datafield ind1="1" ind2=" " tag="700"><subfield code="a">Norman, Edward</subfield></datafield><datafield ind1="1" ind2=" " tag="700"><subfield code="a">Norman, Edward</subfield></datafield><datafield ind1="1" ind2=" " tag="700"><subfield code="a">Summerer, Siglinde</subfield><subfield code="0">(IDREF)103629351</subfield></datafield><datafield ind1="4" ind2=" " tag="856"><subfield code="3">Inhaltsverzeichnis</subfield><subfield code="u">http://www.ub.unibas.ch/tox/HBZ/HT003702757/PDF</subfield><subfield code="q">pdf</subfield></datafield><datafield ind1=" " ind2=" " tag="900"><subfield code="a">REROnoselfmerge</subfield></datafield><datafield ind1=" " ind2=" " tag="949"><subfield code="a">http://www.ub.unibas.ch/tox/HBZ/HT003702757/PDF</subfield></datafield></record>
</metadata></record>