<record><header><identifier>oai:alma.41SLSP_UGE:991000783889705502</identifier><datestamp>2023-03-01T01:09:56Z</datestamp><setSpec>uge_bcen_RapidILL_BOOK</setSpec><setSpec>uge_aaca_RapidILL_BOOK</setSpec><setSpec>uge_abels_RapidILL_BOOK</setSpec><setSpec>uge_dbu_RapidILL_BOOK</setSpec><setSpec>uge_cmu_RapidILL_BOOK</setSpec><setSpec>uge_mail_RapidILL_BOOK</setSpec><setSpec>UNIGE_ALL</setSpec><setSpec>uge_abbat_RapidILL_BOOK</setSpec><setSpec>uge_aobs_RapidILL_BOOK</setSpec><setSpec>uge_acar_RapidILL_BOOK</setSpec></header><metadata>
<record xmlns="http://www.loc.gov/MARC21/slim" xmlns:xsi="http://www.w3.org/2001/XMLSchema-instance" xsi:schemaLocation="http://www.loc.gov/MARC21/slim http://www.loc.gov/standards/marcxml/schema/MARC21slim.xsd"><leader>01279nam a2200301 c 4500</leader><controlfield tag="001">991000783889705502</controlfield><controlfield tag="005">20210207113658.0</controlfield><controlfield tag="008">000812r19781619sp ||||| |||| 00| ||spa d</controlfield><datafield ind1=" " ind2=" " tag="020"><subfield code="a">8472321622</subfield></datafield><datafield ind1="7" ind2=" " tag="024"><subfield code="a">http://catalogue.bnf.fr/ark:/12148/cb34339906s</subfield><subfield code="2">uri</subfield></datafield><datafield ind1=" " ind2=" " tag="035"><subfield code="a">(swissbib)094718652-41slsp_network</subfield></datafield><datafield ind1=" " ind2=" " tag="035"><subfield code="a">094718652</subfield><subfield code="9">ExL</subfield></datafield><datafield ind1=" " ind2=" " tag="035"><subfield code="a">(RERO)R254813160-41slsp</subfield></datafield><datafield ind1=" " ind2=" " tag="035"><subfield code="a">(EXLNZ-41SLSP_NETWORK)991141404549705501</subfield></datafield><datafield ind1=" " ind2=" " tag="040"><subfield code="a">RERO gevbpu</subfield><subfield code="d">CH-ZuSLS</subfield></datafield><datafield ind1=" " ind2="7" tag="072"><subfield code="a">sp</subfield><subfield code="2">rero</subfield></datafield><datafield ind1="1" ind2=" " tag="100"><subfield code="a">Lugo, Bernardo de</subfield><subfield code="c">frère</subfield><subfield code="d">1619-16??</subfield><subfield code="0">(IDREF)166398101</subfield><subfield code="4">cre</subfield></datafield><datafield ind1="1" ind2="0" tag="245"><subfield code="a">Gramática en la lengua general del nuevo reyno, llamada mosca</subfield><subfield code="c">compuesto por el Padre Fray Bernardo de Lugo......</subfield></datafield><datafield ind1=" " ind2="1" tag="264"><subfield code="a">Madrid</subfield><subfield code="b">Cultura hispánica del Centro iberoamericano de cooperación</subfield><subfield code="c">1978</subfield></datafield><datafield ind1=" " ind2=" " tag="300"><subfield code="a">2 vol.</subfield><subfield code="c">18 cm [puis] 22 cm</subfield></datafield><datafield ind1=" " ind2=" " tag="336"><subfield code="b">txt</subfield><subfield code="2">rdacontent</subfield></datafield><datafield ind1=" " ind2=" " tag="337"><subfield code="b">n</subfield><subfield code="2">rdamedia</subfield></datafield><datafield ind1=" " ind2=" " tag="338"><subfield code="b">nc</subfield><subfield code="2">rdacarrier</subfield></datafield><datafield ind1="0" ind2=" " tag="505"><subfield code="a">[Vol. 1]: fac-similé de la &quot;Gramatica...&quot;. - 158 f. ; 18 cm</subfield></datafield><datafield ind1="0" ind2=" " tag="505"><subfield code="a">[Vol. 2]: Resurección de una lengua : introducción a la edición facsimilar de la Gramática Chibcha del Padre Fray Bernardo de Lugo, editada en 1619 / Manuel Alvar. - 47 p. ; 22 cm</subfield></datafield><datafield ind1=" " ind2=" " tag="534"><subfield code="p">Reprod. de l'éd. de:</subfield><subfield code="c">Madrid, 1619</subfield></datafield><datafield ind1="1" ind2="2" tag="700"><subfield code="a">Alvar, Manuel</subfield><subfield code="t">Resurrección de una lengua</subfield></datafield><datafield ind1="1" ind2=" " tag="700"><subfield code="a">Alvar, Manuel</subfield></datafield><datafield ind1=" " ind2=" " tag="900"><subfield code="a">REROnoselfmerge</subfield></datafield><datafield ind1=" " ind2=" " tag="993"><subfield code="a">BFLA 191297</subfield><subfield code="x">ge/ules/fls 27716</subfield><subfield code="x">ge/ules/a/FLbr 2754</subfield><subfield code="9">LOCAL</subfield></datafield></record>
</metadata></record>