<record><header><identifier>oai:alma.41SLSP_UGE:991000783589705502</identifier><datestamp>2023-03-01T01:09:56Z</datestamp><setSpec>uge_cmu_RapidILL_JOURNAL</setSpec><setSpec>uge_aobs_RapidILL_JOURNAL</setSpec><setSpec>uge_aaca_RapidILL_JOURNAL</setSpec><setSpec>uge_bcen_RapidILL_JOURNAL</setSpec><setSpec>uge_abbat_RapidILL_JOURNAL</setSpec><setSpec>uge_mail_RapidILL_JOURNAL</setSpec><setSpec>uge_dbu_RapidILL_JOURNAL</setSpec><setSpec>UNIGE_ALL</setSpec><setSpec>uge_abels_RapidILL_JOURNAL</setSpec><setSpec>uge_acar_RapidILL_JOURNAL</setSpec></header><metadata>
<record xmlns="http://www.loc.gov/MARC21/slim" xmlns:xsi="http://www.w3.org/2001/XMLSchema-instance" xsi:schemaLocation="http://www.loc.gov/MARC21/slim http://www.loc.gov/standards/marcxml/schema/MARC21slim.xsd"><leader>02400nas a2200469 c 4500</leader><controlfield tag="001">991000783589705502</controlfield><controlfield tag="005">20230221204957.0</controlfield><controlfield tag="008">000917d19882000be || p|  ||| 0    0fre d</controlfield><datafield ind1=" " ind2=" " tag="022"><subfield code="a">1023-8514</subfield></datafield><datafield ind1=" " ind2=" " tag="035"><subfield code="a">(swissbib)089273125-41slsp_network</subfield></datafield><datafield ind1=" " ind2=" " tag="035"><subfield code="a">089273125</subfield><subfield code="9">ExL</subfield></datafield><datafield ind1=" " ind2=" " tag="035"><subfield code="a">(RERO)1925720-41slsp</subfield></datafield><datafield ind1=" " ind2=" " tag="035"><subfield code="a">(EXLNZ-41SLSP_NETWORK)991040866439705501</subfield></datafield><datafield ind1=" " ind2=" " tag="040"><subfield code="a">RERO geuieg</subfield><subfield code="d">CH-ZuSLS</subfield></datafield><datafield ind1=" " ind2="7" tag="072"><subfield code="a">se</subfield><subfield code="2">rero</subfield></datafield><datafield ind1=" " ind2="7" tag="072"><subfield code="a">sp</subfield><subfield code="2">rero</subfield></datafield><datafield ind1=" " ind2=" " tag="084"><subfield code="a">CA/CE 79 f</subfield><subfield code="2">cjurrom</subfield></datafield><datafield ind1=" " ind2=" " tag="084"><subfield code="a">FA 49.3 f</subfield><subfield code="2">cjurrom</subfield></datafield><datafield ind1="0" ind2="0" tag="245"><subfield code="a">Euro-info</subfield><subfield code="b">PME artisanat</subfield><subfield code="c">Commission européenne, Direction générale XXIII &quot;Politique d'entreprise, commerce, tourisme et économie sociale&quot;</subfield></datafield><datafield ind1="1" ind2=" " tag="246"><subfield code="a">Euro-info</subfield><subfield code="b">le bulletin de la politique d'entreprise</subfield></datafield><datafield ind1="1" ind2=" " tag="246"><subfield code="a">Euro-info</subfield><subfield code="b">petites et moyennes entreprises : artisanat</subfield></datafield><datafield ind1=" " ind2="1" tag="264"><subfield code="a">Bruxelles</subfield><subfield code="b">Commission européenne</subfield><subfield code="c">1988-2000</subfield></datafield><datafield ind1=" " ind2=" " tag="300"><subfield code="c">30 cm</subfield></datafield><datafield ind1=" " ind2=" " tag="310"><subfield code="a">10 x par an</subfield></datafield><datafield ind1=" " ind2=" " tag="336"><subfield code="b">txt</subfield><subfield code="2">rdacontent</subfield></datafield><datafield ind1=" " ind2=" " tag="337"><subfield code="b">n</subfield><subfield code="2">rdamedia</subfield></datafield><datafield ind1=" " ind2=" " tag="338"><subfield code="b">nc</subfield><subfield code="2">rdacarrier</subfield></datafield><datafield ind1="0" ind2=" " tag="362"><subfield code="a">1988-2000.</subfield></datafield><datafield ind1=" " ind2=" " tag="500"><subfield code="a">Variante de sous-titre: Euro-info : petites et moyennes entreprises : artisanat. Dès le no 107(1998), le sous-titre devient: le bulletin de la politique d'entreprise</subfield></datafield><datafield ind1=" " ind2=" " tag="580"><subfield code="a">Ed. anglaise: Euro-info : the bulletin of entreprise policy. Ou: Euro-info : small and Medium-sized Enterprises, craft sector. Ed. allemande: Euro-info : das Bulletin der Unternehmenspolitik. Ed. italienne: Euro-info :il bolletino della politica imprenditoriale</subfield></datafield><datafield ind1=" " ind2=" " tag="580"><subfield code="a">Devient: Entreprise Europe</subfield></datafield><datafield ind1="2" ind2="7" tag="610"><subfield code="a">Communautés européennes</subfield><subfield code="0">(IDREF)026372274</subfield><subfield code="2">idref</subfield></datafield><datafield ind1="2" ind2="7" tag="610"><subfield code="a">Union européenne</subfield><subfield code="0">(IDREF)032486324</subfield><subfield code="2">idref</subfield></datafield><datafield ind1=" " ind2="7" tag="650"><subfield code="a">Artisanat</subfield><subfield code="0">(IDREF)027386899</subfield><subfield code="2">idref</subfield></datafield><datafield ind1=" " ind2="7" tag="650"><subfield code="a">Petites et moyennes entreprises</subfield><subfield code="0">(IDREF)027261158</subfield><subfield code="2">idref</subfield></datafield><datafield ind1=" " ind2="7" tag="655"><subfield code="a">Périodiques</subfield><subfield code="0">(IDREF)02724640X</subfield><subfield code="2">idref</subfield></datafield><datafield ind1="1" ind2=" " tag="710"><subfield code="a">Union européenne</subfield><subfield code="b">Direction générale Politique d'entreprise, commerce, tourisme et économie sociale</subfield><subfield code="0">(IDREF)033443394</subfield></datafield><datafield ind1="2" ind2=" " tag="710"><subfield code="a">Communautés européennes</subfield><subfield code="b">Direction générale Politique d'entreprise, commerce, tourisme et économie sociale</subfield><subfield code="0">(IDREF)031183921</subfield></datafield><datafield ind1="0" ind2=" " tag="775"><subfield code="t">Euro-info : small and Medium-sized Enterprises, craft sector</subfield><subfield code="w">(RERO)2172897-41slsp</subfield></datafield><datafield ind1="0" ind2=" " tag="775"><subfield code="t">Euro-info : das Bulletin der Unternehmenspolitik</subfield></datafield><datafield ind1="0" ind2=" " tag="775"><subfield code="t">Euro-info : il bolletino della politica imprenditoriale</subfield></datafield><datafield ind1="0" ind2="0" tag="785"><subfield code="t">Entreprise Europe</subfield><subfield code="w">(swissbib)096630035-41slsp_network</subfield></datafield><datafield ind1=" " ind2=" " tag="900"><subfield code="a">REROnoselfmerge</subfield></datafield></record>
</metadata></record>