<record><header><identifier>oai:alma.41SLSP_UGE:991000783479705502</identifier><datestamp>2023-03-01T01:09:56Z</datestamp><setSpec>uge_bcen_RapidILL_BOOK</setSpec><setSpec>uge_aaca_RapidILL_BOOK</setSpec><setSpec>uge_abels_RapidILL_BOOK</setSpec><setSpec>uge_dbu_RapidILL_BOOK</setSpec><setSpec>uge_cmu_RapidILL_BOOK</setSpec><setSpec>uge_mail_RapidILL_BOOK</setSpec><setSpec>UNIGE_ALL</setSpec><setSpec>uge_abbat_RapidILL_BOOK</setSpec><setSpec>uge_aobs_RapidILL_BOOK</setSpec><setSpec>uge_acar_RapidILL_BOOK</setSpec></header><metadata>
<record xmlns="http://www.loc.gov/MARC21/slim" xmlns:xsi="http://www.w3.org/2001/XMLSchema-instance" xsi:schemaLocation="http://www.loc.gov/MARC21/slim http://www.loc.gov/standards/marcxml/schema/MARC21slim.xsd"><leader>01655nam a2200289 c 4500</leader><controlfield tag="001">991000783479705502</controlfield><controlfield tag="005">20201222223805.0</controlfield><controlfield tag="008">110531s2010    xxk||||| |||| 00| ||eng d</controlfield><datafield ind1=" " ind2=" " tag="020"><subfield code="a">9780521345811</subfield><subfield code="q">hardb</subfield><subfield code="c">£ 60.-</subfield></datafield><datafield ind1=" " ind2=" " tag="020"><subfield code="a">9780521154901</subfield><subfield code="q">paperb</subfield><subfield code="c">£ 20.99</subfield></datafield><datafield ind1=" " ind2=" " tag="035"><subfield code="a">(swissbib)113757042-41slsp_network</subfield></datafield><datafield ind1=" " ind2=" " tag="035"><subfield code="a">113757042</subfield><subfield code="9">ExL</subfield></datafield><datafield ind1=" " ind2=" " tag="035"><subfield code="a">(RERO)R006064104-41slsp</subfield></datafield><datafield ind1=" " ind2=" " tag="035"><subfield code="a">(EXLNZ-41SLSP_NETWORK)991070575729705501</subfield></datafield><datafield ind1=" " ind2=" " tag="040"><subfield code="a">RERO geulha</subfield><subfield code="d">CH-ZuSLS</subfield></datafield><datafield ind1=" " ind2="7" tag="072"><subfield code="a">ba</subfield><subfield code="2">rero</subfield></datafield><datafield ind1="1" ind2=" " tag="100"><subfield code="a">Goy, Richard John</subfield><subfield code="d">1947-....</subfield><subfield code="0">(IDREF)032445814</subfield><subfield code="4">cre</subfield></datafield><datafield ind1="1" ind2="0" tag="245"><subfield code="a">Venetian vernacular architecture</subfield><subfield code="b">traditional housing in the venetian lagoon</subfield><subfield code="c">Richard J. Goy</subfield></datafield><datafield ind1=" " ind2=" " tag="250"><subfield code="a">re-issued</subfield></datafield><datafield ind1=" " ind2="1" tag="264"><subfield code="a">Cambridge</subfield><subfield code="b">University Press</subfield><subfield code="c">2010</subfield></datafield><datafield ind1=" " ind2=" " tag="300"><subfield code="a">XXI, 360 p.</subfield><subfield code="b">ill. en noir</subfield><subfield code="c">25 cm</subfield></datafield><datafield ind1=" " ind2=" " tag="336"><subfield code="b">txt</subfield><subfield code="2">rdacontent</subfield></datafield><datafield ind1=" " ind2=" " tag="337"><subfield code="b">n</subfield><subfield code="2">rdamedia</subfield></datafield><datafield ind1=" " ind2=" " tag="338"><subfield code="b">nc</subfield><subfield code="2">rdacarrier</subfield></datafield><datafield ind1="0" ind2=" " tag="505"><subfield code="a">General introduction. - The lagunar environment. - An historical introduction. - Building materials and their sources. - Methods of construction and vernacular details. - The guild system and the building crafts. - The economics of building in the lagoon. - The city Palazzo-Fòntego: its structure and appearance. - Derivations from the Palazzo-Fòntego in the city. - Housing typology in the lagoon villages: an introduction. - Murano. - Burano: a village of fishermen's cottages. - Pellestrina. - The rural and semi-rural environment: Mazzorbo, Torcello and Malamocco. - Conclusions. - Postscript. - Appendices. - Select bibliography. - Index</subfield></datafield><datafield ind1=" " ind2="7" tag="650"><subfield code="a">Architecture rurale italienne vénitienne</subfield><subfield code="0">(RERO)A027727516</subfield><subfield code="2">rero</subfield></datafield><datafield ind1=" " ind2="7" tag="651"><subfield code="a">Venise, Lagune de (Italie)</subfield><subfield code="0">(IDREF)028705963</subfield><subfield code="2">idref</subfield></datafield><datafield ind1=" " ind2=" " tag="900"><subfield code="a">REROnoselfmerge</subfield></datafield><datafield ind1=" " ind2=" " tag="993"><subfield code="a">BFLA 226661</subfield><subfield code="x">ge/ulha/a/11/0615</subfield><subfield code="9">LOCAL</subfield></datafield></record>
</metadata></record>