<record><header><identifier>oai:alma.41SLSP_UGE:991000782959705502</identifier><datestamp>2024-10-05T00:09:51Z</datestamp><setSpec>uge_bcen_RapidILL_BOOK</setSpec><setSpec>uge_aaca_RapidILL_BOOK</setSpec><setSpec>uge_abels_RapidILL_BOOK</setSpec><setSpec>uge_dbu_RapidILL_BOOK</setSpec><setSpec>uge_cmu_RapidILL_BOOK</setSpec><setSpec>uge_mail_RapidILL_BOOK</setSpec><setSpec>uge_abbat_RapidILL_BOOK</setSpec><setSpec>UNIGE_ALL</setSpec><setSpec>uge_aobs_RapidILL_BOOK</setSpec><setSpec>uge_acar_RapidILL_BOOK</setSpec></header><metadata>
<record xmlns="http://www.loc.gov/MARC21/slim" xmlns:xsi="http://www.w3.org/2001/XMLSchema-instance" xsi:schemaLocation="http://www.loc.gov/MARC21/slim http://www.loc.gov/standards/marcxml/schema/MARC21slim.xsd"><leader>02028nam a2200409 c 4500</leader><controlfield tag="001">991000782959705502</controlfield><controlfield tag="005">20241004204336.0</controlfield><controlfield tag="008">201011t19711971xxu||||| |||| 00| ||eng d</controlfield><datafield ind1=" " ind2=" " tag="035"><subfield code="a">(swissbib)225119110-41slsp_network</subfield></datafield><datafield ind1=" " ind2=" " tag="035"><subfield code="a">225119110</subfield><subfield code="9">ExL</subfield></datafield><datafield ind1=" " ind2=" " tag="035"><subfield code="a">(RERO)0695434-41slsp</subfield></datafield><datafield ind1=" " ind2=" " tag="035"><subfield code="a">(IDSBB)000608802DSV01</subfield></datafield><datafield ind1=" " ind2=" " tag="035"><subfield code="a">(EXLNZ-41SLSP_NETWORK)991129616299705501</subfield></datafield><datafield ind1=" " ind2=" " tag="040"><subfield code="a">RERO geulha</subfield><subfield code="d">CH-ZuSLS</subfield></datafield><datafield ind1=" " ind2="7" tag="072"><subfield code="a">ba</subfield><subfield code="2">rero</subfield></datafield><datafield ind1=" " ind2="7" tag="072"><subfield code="a">et</subfield><subfield code="2">SzZuIDS BS/BE</subfield></datafield><datafield ind1="1" ind2=" " tag="100"><subfield code="a">Kelemen, Pál</subfield><subfield code="d">1894-1993</subfield><subfield code="0">(DE-588)132230844</subfield><subfield code="6">880-01</subfield></datafield><datafield ind1="1" ind2=" " tag="880"><subfield code="a">Kelemen, Pál</subfield><subfield code="0">(RERO)A003447434</subfield><subfield code="4">cre</subfield><subfield code="6">100-01</subfield></datafield><datafield ind1="1" ind2="0" tag="245"><subfield code="a">Peruvian colonial painting</subfield><subfield code="b">the collection of the Stern Fund and Mr. and Mrs. Arthur Q. Davis with an additional selection from the Brooklyn Museum New York : a special exhibition, The Brooklyn Museum, New York, 8.12.1971-23.1.1972, The University Art Museum, Austin, 20.2.-26.3.1972, Isaac Delgado Museum of Art, New Orleans, 15.4-28.5.1972</subfield><subfield code="c">introd. and catalogue by Pál Kelemen</subfield></datafield><datafield ind1=" " ind2="1" tag="264"><subfield code="a">New York</subfield><subfield code="b">The Brooklyn Museum</subfield><subfield code="c">[1971]</subfield></datafield><datafield ind1=" " ind2="4" tag="264"><subfield code="c">© 1971</subfield></datafield><datafield ind1=" " ind2=" " tag="300"><subfield code="a">112 p.</subfield><subfield code="b">ill.</subfield><subfield code="c">26 cm</subfield></datafield><datafield ind1=" " ind2=" " tag="336"><subfield code="b">txt</subfield><subfield code="2">rdacontent</subfield></datafield><datafield ind1=" " ind2=" " tag="337"><subfield code="b">n</subfield><subfield code="2">rdamedia</subfield></datafield><datafield ind1=" " ind2=" " tag="338"><subfield code="b">nc</subfield><subfield code="2">rdacarrier</subfield></datafield><datafield ind1=" " ind2=" " tag="500"><subfield code="a">Exposition. New York. Brooklyn Museum. 1971-1972</subfield></datafield><datafield ind1=" " ind2=" " tag="500"><subfield code="a">Exposition. New Orleans. Isaac Delgado Museum of Art. 1972</subfield></datafield><datafield ind1=" " ind2=" " tag="500"><subfield code="a">Exposition. Austin. University Art Museum. 1972</subfield></datafield><datafield ind1=" " ind2=" " tag="500"><subfield code="a">A special exhibition : The Brooklyn Museum, Brooklyn (N.Y.), Dec 8, 1971 - Jan 23, 1972 and Austin (Tex.)</subfield></datafield><datafield ind1=" " ind2=" " tag="500"><subfield code="a">Ausstellung (Brooklyn, N.Y. ; Brooklyn Museum ; 1971/1972)</subfield></datafield><datafield ind1=" " ind2=" " tag="500"><subfield code="a">Sammlung (Davis, Arthur Q)</subfield></datafield><datafield ind1=" " ind2=" " tag="504"><subfield code="a">Bibliogr.: p. 109-112</subfield></datafield><datafield ind1=" " ind2="7" tag="650"><subfield code="a">Peinture péruvienne</subfield><subfield code="0">(IDREF)03243426X</subfield><subfield code="2">idref</subfield></datafield><datafield ind1=" " ind2="7" tag="650"><subfield code="a">16e siècle-19e siècle</subfield><subfield code="2">idref</subfield></datafield><datafield ind1=" " ind2="7" tag="655"><subfield code="a">Catalogues d'exposition</subfield><subfield code="0">(IDREF)027320456</subfield><subfield code="2">idref</subfield></datafield><datafield ind1=" " ind2="7" tag="655"><subfield code="a">Ausstellungskatalog</subfield><subfield code="z">Brooklyn, NY</subfield><subfield code="y">1971-1972</subfield><subfield code="2">gnd-content</subfield></datafield><datafield ind1=" " ind2=" " tag="691"><subfield code="e">SE 2.c</subfield><subfield code="a">Historical Peru. Specific data on the history and culture history of Peru and its non-aboriginal inhabitants</subfield><subfield code="2">ubs-FH</subfield></datafield><datafield ind1=" " ind2=" " tag="900"><subfield code="a">REROnoselfmerge</subfield></datafield><datafield ind1=" " ind2=" " tag="993"><subfield code="a">BFLB 2096</subfield><subfield code="x">ge/ulha/a/86/495</subfield><subfield code="9">LOCAL</subfield></datafield></record>
</metadata></record>