<record><header><identifier>oai:alma.41SLSP_UGE:991000783689705502</identifier><datestamp>2023-04-06T00:10:45Z</datestamp><setSpec>uge_bcen_RapidILL_BOOK</setSpec><setSpec>uge_aaca_RapidILL_BOOK</setSpec><setSpec>uge_abels_RapidILL_BOOK</setSpec><setSpec>uge_dbu_RapidILL_BOOK</setSpec><setSpec>uge_cmu_RapidILL_BOOK</setSpec><setSpec>uge_mail_RapidILL_BOOK</setSpec><setSpec>uge_abbat_RapidILL_BOOK</setSpec><setSpec>UNIGE_ALL</setSpec><setSpec>uge_acar_RapidILL_BOOK</setSpec><setSpec>uge_aobs_RapidILL_BOOK</setSpec></header><metadata>
<record xmlns="http://www.loc.gov/MARC21/slim" xmlns:xsi="http://www.w3.org/2001/XMLSchema-instance" xsi:schemaLocation="http://www.loc.gov/MARC21/slim http://www.loc.gov/standards/marcxml/schema/MARC21slim.xsd"><leader>01608nam a2200337 c 4500</leader><controlfield tag="001">991000783689705502</controlfield><controlfield tag="005">20230405194009.0</controlfield><controlfield tag="008">010508s2000    sz ||||| |||| 00| ||eng d</controlfield><datafield ind1=" " ind2=" " tag="035"><subfield code="a">(swissbib)096778458-41slsp_network</subfield></datafield><datafield ind1=" " ind2=" " tag="035"><subfield code="a">096778458</subfield><subfield code="9">ExL</subfield></datafield><datafield ind1=" " ind2=" " tag="035"><subfield code="a">(RERO)R003035343-41slsp</subfield></datafield><datafield ind1=" " ind2=" " tag="035"><subfield code="a">(EXLNZ-41SLSP_NETWORK)991070604429705501</subfield></datafield><datafield ind1=" " ind2=" " tag="040"><subfield code="a">RERO vsbcvs</subfield><subfield code="d">CH-ZuSLS</subfield></datafield><datafield ind1=" " ind2=" " tag="044"><subfield code="a">sz</subfield><subfield code="c">ch-bs</subfield></datafield><datafield ind1=" " ind2="7" tag="072"><subfield code="a">zo</subfield><subfield code="2">rero</subfield></datafield><datafield ind1="1" ind2=" " tag="100"><subfield code="a">Hooker, Jeremy J.</subfield><subfield code="0">(IDREF)109200217</subfield><subfield code="4">cre</subfield></datafield><datafield ind1="1" ind2="0" tag="245"><subfield code="a">&lt;&lt;The&gt;&gt; eocene mammal faunas of Mormont, Switzerland</subfield><subfield code="b">systematic revision and resolutions of dating problems</subfield><subfield code="c">by Jeremy J. Hooker and Marc Weidmann</subfield></datafield><datafield ind1=" " ind2="1" tag="264"><subfield code="a">Basel</subfield><subfield code="b">Kommission der Schweizerischen Paläontologischen Abhandlungen</subfield><subfield code="c">2000</subfield></datafield><datafield ind1=" " ind2=" " tag="300"><subfield code="a">143 p.</subfield><subfield code="b">ill.</subfield><subfield code="c">32 cm</subfield></datafield><datafield ind1=" " ind2=" " tag="336"><subfield code="b">txt</subfield><subfield code="2">rdacontent</subfield></datafield><datafield ind1=" " ind2=" " tag="337"><subfield code="b">n</subfield><subfield code="2">rdamedia</subfield></datafield><datafield ind1=" " ind2=" " tag="338"><subfield code="b">nc</subfield><subfield code="2">rdacarrier</subfield></datafield><datafield ind1="1" ind2=" " tag="490"><subfield code="a">Mémoires suisses de paléontologie</subfield><subfield code="v">vol. 120</subfield></datafield><datafield ind1=" " ind2=" " tag="504"><subfield code="a">Bibliographie: p. 133-141</subfield></datafield><datafield ind1="8" ind2=" " tag="520"><subfield code="a">Présentation et révision complète des gisements karstiques du Mormont, de leurs faunes de mammifères et de leurs âges. La description de chaque localité est complétée par un historique des récoltes de matériel, des études paléontologiques et sédimentologiques.</subfield><subfield code="5">RERO/labcur/10.2001</subfield></datafield><datafield ind1=" " ind2="7" tag="650"><subfield code="a">Éocène</subfield><subfield code="0">(IDREF)027570916</subfield><subfield code="2">idref</subfield></datafield><datafield ind1=" " ind2="7" tag="650"><subfield code="a">Paléontologie</subfield><subfield code="0">(IDREF)030808677</subfield><subfield code="2">idref</subfield></datafield><datafield ind1=" " ind2="7" tag="650"><subfield code="a">Mammifères</subfield><subfield code="0">(IDREF)027238466</subfield><subfield code="2">idref</subfield></datafield><datafield ind1=" " ind2="7" tag="651"><subfield code="a">Mormont (Suisse ; colline)</subfield><subfield code="0">(IDREF)253605296</subfield><subfield code="2">idref</subfield></datafield><datafield ind1="1" ind2=" " tag="700"><subfield code="a">Weidmann, Marc</subfield><subfield code="0">(IDREF)137027427</subfield></datafield><datafield ind1=" " ind2="0" tag="830"><subfield code="a">Schweizerische paläontologische Abhandlungen</subfield><subfield code="v">120</subfield><subfield code="w">(RERO)0653669-41slsp</subfield></datafield><datafield ind1=" " ind2=" " tag="900"><subfield code="a">REROnoselfmerge</subfield></datafield></record>
</metadata></record>