<record><header><identifier>oai:alma.41SLSP_UGE:991000783169705502</identifier><datestamp>2023-12-14T01:19:48Z</datestamp><setSpec>uge_bcen_RapidILL_BOOK</setSpec><setSpec>uge_aaca_RapidILL_BOOK</setSpec><setSpec>uge_abels_RapidILL_BOOK</setSpec><setSpec>uge_dbu_RapidILL_BOOK</setSpec><setSpec>uge_cmu_RapidILL_BOOK</setSpec><setSpec>uge_mail_RapidILL_BOOK</setSpec><setSpec>uge_abbat_RapidILL_BOOK</setSpec><setSpec>UNIGE_ALL</setSpec><setSpec>uge_acar_RapidILL_BOOK</setSpec><setSpec>uge_aobs_RapidILL_BOOK</setSpec></header><metadata>
<record xmlns="http://www.loc.gov/MARC21/slim" xmlns:xsi="http://www.w3.org/2001/XMLSchema-instance" xsi:schemaLocation="http://www.loc.gov/MARC21/slim http://www.loc.gov/standards/marcxml/schema/MARC21slim.xsd"><leader>03215nam a2200781 c 4500</leader><controlfield tag="001">991000783169705502</controlfield><controlfield tag="005">20231213094222.0</controlfield><controlfield tag="008">201011s2015    gw ||||| |||| 00| ||ger d</controlfield><datafield ind1=" " ind2=" " tag="015"><subfield code="a">16,A02</subfield><subfield code="a">16,H02</subfield><subfield code="z">15,N21</subfield><subfield code="2">dnb</subfield></datafield><datafield ind1="7" ind2=" " tag="016"><subfield code="a">1070781126</subfield><subfield code="2">DE-101</subfield></datafield><datafield ind1=" " ind2=" " tag="020"><subfield code="a">9783429038274</subfield><subfield code="c">Broschur : EUR 30.00 (DE), EUR 30.90 (AT), sfr 40.10 (freier Pr.)</subfield></datafield><datafield ind1="3" ind2=" " tag="024"><subfield code="a">9783429038274</subfield></datafield><datafield ind1=" " ind2=" " tag="035"><subfield code="a">(swissbib)221859659-41slsp_network</subfield></datafield><datafield ind1=" " ind2=" " tag="035"><subfield code="a">221859659</subfield><subfield code="9">ExL</subfield></datafield><datafield ind1=" " ind2=" " tag="035"><subfield code="a">(RERO)R008727258-41slsp</subfield></datafield><datafield ind1=" " ind2=" " tag="035"><subfield code="a">(NEBIS)010588477EBI01</subfield></datafield><datafield ind1=" " ind2=" " tag="035"><subfield code="a">(IDSLU)001390307ILU01</subfield></datafield><datafield ind1=" " ind2=" " tag="035"><subfield code="a">(IDSBB)006744542DSV01</subfield></datafield><datafield ind1=" " ind2=" " tag="035"><subfield code="a">(DE-599)DNB1070781126</subfield></datafield><datafield ind1=" " ind2=" " tag="035"><subfield code="a">(OCoLC)909791676</subfield></datafield><datafield ind1=" " ind2=" " tag="035"><subfield code="a">(EXLNZ-41SLSP_NETWORK)991055384439705501</subfield></datafield><datafield ind1=" " ind2=" " tag="040"><subfield code="a">1245</subfield><subfield code="b">ger</subfield><subfield code="e">rda</subfield><subfield code="d">CH-ZuSLS</subfield></datafield><datafield ind1=" " ind2="7" tag="072"><subfield code="a">th</subfield><subfield code="2">rero</subfield></datafield><datafield ind1=" " ind2="7" tag="072"><subfield code="a">730</subfield><subfield code="2">IDS LU</subfield></datafield><datafield ind1="0" ind2="4" tag="082"><subfield code="a">223.206</subfield><subfield code="2">22/ger</subfield><subfield code="8">1\x</subfield><subfield code="q">DE-101</subfield></datafield><datafield ind1="1" ind2="4" tag="082"><subfield code="a">230</subfield><subfield code="2">15</subfield></datafield><datafield ind1="7" ind2="4" tag="082"><subfield code="a">220</subfield><subfield code="2">23sdnb</subfield></datafield><datafield ind1="7" ind2=" " tag="083"><subfield code="a">220</subfield><subfield code="q">DE-101</subfield><subfield code="2">23sdnb</subfield></datafield><datafield ind1=" " ind2=" " tag="084"><subfield code="a">BC 6735</subfield><subfield code="2">rvk</subfield></datafield><datafield ind1=" " ind2=" " tag="084"><subfield code="a">220</subfield><subfield code="2">sdnb</subfield></datafield><datafield ind1=" " ind2=" " tag="084"><subfield code="a">BC 4280</subfield><subfield code="2">rvk</subfield></datafield><datafield ind1=" " ind2=" " tag="084"><subfield code="a">BC 6735</subfield><subfield code="2">rvk</subfield></datafield><datafield ind1=" " ind2=" " tag="084"><subfield code="a">BC 7500</subfield><subfield code="2">rvk</subfield></datafield><datafield ind1=" " ind2=" " tag="084"><subfield code="a">230</subfield><subfield code="2">sdnb</subfield></datafield><datafield ind1=" " ind2=" " tag="085"><subfield code="b">223.2</subfield></datafield><datafield ind1=" " ind2=" " tag="085"><subfield code="s">220.6</subfield></datafield><datafield ind1="1" ind2=" " tag="100"><subfield code="6">880-01</subfield><subfield code="a">Hakizimana, Giscard</subfield><subfield code="0">(DE-588)1079036717</subfield><subfield code="e">Verfasser</subfield><subfield code="4">aut</subfield></datafield><datafield ind1="1" ind2=" " tag="880"><subfield code="6">100-01</subfield><subfield code="a">Hakizimana, Giscard</subfield><subfield code="0">(IDREF)196394082</subfield><subfield code="4">aut</subfield></datafield><datafield ind1="1" ind2="0" tag="245"><subfield code="a">&lt;&lt;Der&gt;&gt; Mensch als Gefährte Gottes</subfield><subfield code="b">Untersuchungen zu Struktur und Theologie von Psalm 139</subfield><subfield code="c">Giscard Hakizimana</subfield></datafield><datafield ind1=" " ind2="1" tag="264"><subfield code="a">Würzburg</subfield><subfield code="b">Echter Verlag</subfield><subfield code="c">[2015]</subfield></datafield><datafield ind1=" " ind2="4" tag="264"><subfield code="c">© 2015</subfield></datafield><datafield ind1=" " ind2=" " tag="300"><subfield code="a">328 Seiten</subfield><subfield code="b">Illustrationen</subfield><subfield code="c">24 cm</subfield></datafield><datafield ind1=" " ind2=" " tag="336"><subfield code="b">txt</subfield><subfield code="2">rdacontent</subfield></datafield><datafield ind1=" " ind2=" " tag="337"><subfield code="b">n</subfield><subfield code="2">rdamedia</subfield></datafield><datafield ind1=" " ind2=" " tag="338"><subfield code="b">nc</subfield><subfield code="2">rdacarrier</subfield></datafield><datafield ind1="1" ind2=" " tag="490"><subfield code="a">Forschung zur Bibel</subfield><subfield code="v">Band 132</subfield></datafield><datafield ind1=" " ind2=" " tag="500"><subfield code="a">Buchhandelsausgabe der Dissertation Katholische Universität Eichstätt-Ingolstadt, 2013</subfield></datafield><datafield ind1=" " ind2=" " tag="502"><subfield code="g">geringfügig überarbeitet</subfield><subfield code="b">Dissertation</subfield><subfield code="c">Universität Eichstätt-Ingoldstadt</subfield><subfield code="d">2013</subfield></datafield><datafield ind1="0" ind2="7" tag="630"><subfield code="a">Bible</subfield><subfield code="p">A.T.</subfield><subfield code="p">Psaumes</subfield><subfield code="0">(IDREF)028199111</subfield><subfield code="2">idref</subfield></datafield><datafield ind1=" " ind2="7" tag="650"><subfield code="a">Théologie</subfield><subfield code="0">(IDREF)027488446</subfield><subfield code="2">idref</subfield></datafield><datafield ind1=" " ind2="7" tag="650"><subfield code="a">Homme (théologie chrétienne)</subfield><subfield code="0">(IDREF)027440389</subfield><subfield code="2">idref</subfield></datafield><datafield ind1="0" ind2="7" tag="630"><subfield code="a">Bibel</subfield><subfield code="p">Psalmen</subfield><subfield code="n">139</subfield><subfield code="0">(DE-588)4558068-6</subfield><subfield code="2">gnd</subfield></datafield><datafield ind1="0" ind2="0" tag="630"><subfield code="a">Bible</subfield><subfield code="p">Psalms, CXXXIX</subfield><subfield code="x">Criticism, Form</subfield></datafield><datafield ind1="0" ind2="0" tag="630"><subfield code="a">Bible</subfield><subfield code="p">Psalms, CXXXIX</subfield><subfield code="x">Criticism, interpretation, etc</subfield></datafield><datafield ind1="0" ind2="0" tag="630"><subfield code="a">Bible</subfield><subfield code="p">Psalms, CXXXIX</subfield><subfield code="x">Theology</subfield></datafield><datafield ind1=" " ind2="7" tag="650"><subfield code="a">Exegese</subfield><subfield code="0">(DE-588)4015950-4</subfield><subfield code="2">gnd</subfield></datafield><datafield ind1=" " ind2="7" tag="655"><subfield code="a">Hochschulschrift</subfield><subfield code="2">gnd-content</subfield></datafield><datafield ind1=" " ind2="7" tag="655"><subfield code="a">Thèses et écrits académiques</subfield><subfield code="0">(IDREF)027253139</subfield><subfield code="2">idref</subfield></datafield><datafield ind1=" " ind2="7" tag="655"><subfield code="a">Tesi</subfield><subfield code="2">sbt12-content</subfield></datafield><datafield ind1="0" ind2="8" tag="776"><subfield code="i">Erscheint auch als</subfield><subfield code="n">Online-Ausgabe, PDF</subfield><subfield code="t">&lt;&lt;Der&gt;&gt; Mensch als Gefährte Gottes</subfield><subfield code="z">9783429048075</subfield></datafield><datafield ind1="0" ind2="8" tag="776"><subfield code="i">Erscheint auch als</subfield><subfield code="n">Online-Ausgabe, ePub</subfield><subfield code="t">&lt;&lt;Der&gt;&gt; Mensch als Gefährte Gottes</subfield><subfield code="z">9783429062248</subfield></datafield><datafield ind1="4" ind2="2" tag="856"><subfield code="3">Titelblatt und Inhaltsverzeichnis</subfield><subfield code="u">https://toc.library.ethz.ch/objects/pdf03/z01_978-3-429-03827-4_01.pdf</subfield><subfield code="q">pdf</subfield></datafield><datafield ind1=" " ind2="0" tag="830"><subfield code="a">Forschung zur Bibel</subfield><subfield code="v">132</subfield><subfield code="w">(RERO)0553129-41slsp</subfield></datafield><datafield ind1=" " ind2="0" tag="830"><subfield code="a">Forschung zur Bibel</subfield><subfield code="v">132</subfield><subfield code="w">(IDSBB)000008105DSV01</subfield></datafield><datafield ind1=" " ind2=" " tag="900"><subfield code="a">REROnoselfmerge</subfield></datafield><datafield ind1=" " ind2=" " tag="900"><subfield code="a">IDSZ2zbzmon201606f</subfield><subfield code="c">IDSZ2wyse</subfield><subfield code="d">IDSZ2zbzswk201606g</subfield><subfield code="e">IDSZ2schu</subfield></datafield><datafield ind1=" " ind2=" " tag="903"><subfield code="a">RERO-SIGN</subfield><subfield code="5">BCUFR/20211110/mjo</subfield></datafield><datafield ind1=" " ind2=" " tag="910"><subfield code="a">DNB</subfield><subfield code="b">20171106</subfield></datafield><datafield ind1=" " ind2=" " tag="949"><subfield code="a">https://toc.library.ethz.ch/objects/pdf03/z01_978-3-429-03827-4_01.pdf</subfield></datafield></record>
</metadata></record>