<record><header><identifier>oai:alma.41SLSP_UGE:991000783359705502</identifier><datestamp>2023-03-01T01:09:56Z</datestamp><setSpec>uge_bcen_RapidILL_BOOK</setSpec><setSpec>uge_aaca_RapidILL_BOOK</setSpec><setSpec>uge_abels_RapidILL_BOOK</setSpec><setSpec>uge_dbu_RapidILL_BOOK</setSpec><setSpec>uge_cmu_RapidILL_BOOK</setSpec><setSpec>uge_mail_RapidILL_BOOK</setSpec><setSpec>UNIGE_ALL</setSpec><setSpec>uge_abbat_RapidILL_BOOK</setSpec><setSpec>uge_acar_RapidILL_BOOK</setSpec><setSpec>uge_aobs_RapidILL_BOOK</setSpec></header><metadata>
<record xmlns="http://www.loc.gov/MARC21/slim" xmlns:xsi="http://www.w3.org/2001/XMLSchema-instance" xsi:schemaLocation="http://www.loc.gov/MARC21/slim http://www.loc.gov/standards/marcxml/schema/MARC21slim.xsd"><leader>01766naa a2200361 c 4500</leader><controlfield tag="001">991000783359705502</controlfield><controlfield tag="005">20230214193526.0</controlfield><controlfield tag="008">201022s1995    sz ||||| |||| 00| ||fre d</controlfield><datafield ind1=" " ind2=" " tag="035"><subfield code="a">(swissbib)252578910-41slsp_network</subfield></datafield><datafield ind1=" " ind2=" " tag="035"><subfield code="a">252578910</subfield><subfield code="9">ExL</subfield></datafield><datafield ind1=" " ind2=" " tag="035"><subfield code="a">(RERO)2014538-41slsp</subfield></datafield><datafield ind1=" " ind2=" " tag="035"><subfield code="a">(SBT)000116733SBT01</subfield></datafield><datafield ind1=" " ind2=" " tag="035"><subfield code="a">(EXLNZ-41SLSP_NETWORK)991047069649705501</subfield></datafield><datafield ind1=" " ind2=" " tag="040"><subfield code="a">RERO geubfd</subfield><subfield code="d">CH-ZuSLS</subfield></datafield><datafield ind1=" " ind2=" " tag="044"><subfield code="a">sz</subfield><subfield code="c">ch-fr</subfield></datafield><datafield ind1=" " ind2="7" tag="072"><subfield code="a">dr</subfield><subfield code="2">rero</subfield></datafield><datafield ind1=" " ind2=" " tag="084"><subfield code="a">CA/CH 47 i</subfield><subfield code="2">cjurrom</subfield></datafield><datafield ind1="1" ind2=" " tag="100"><subfield code="a">Zufferey, Jean-Baptiste</subfield><subfield code="d">1960-....</subfield><subfield code="0">(IDREF)052472299</subfield><subfield code="4">cre</subfield></datafield><datafield ind1="1" ind2="0" tag="245"><subfield code="a">En droit public</subfield><subfield code="b">la jurisprudence récente et les nouveautés les plus importantes</subfield><subfield code="c">Jean-Baptiste Zufferey</subfield></datafield><datafield ind1="1" ind2=" " tag="246"><subfield code="a">Jurisprudence récente et autres nouveautés</subfield></datafield><datafield ind1=" " ind2=" " tag="336"><subfield code="b">txt</subfield><subfield code="2">rdacontent</subfield></datafield><datafield ind1=" " ind2=" " tag="337"><subfield code="b">n</subfield><subfield code="2">rdamedia</subfield></datafield><datafield ind1=" " ind2=" " tag="338"><subfield code="b">nc</subfield><subfield code="2">rdacarrier</subfield></datafield><datafield ind1=" " ind2=" " tag="500"><subfield code="a">Variante du titre: La jurisprudence récente et autres nouveautés</subfield></datafield><datafield ind1=" " ind2=" " tag="580"><subfield code="a">In: Journées du droit de la construction.... - Fribourg. - 1995, documentation 4, f. 88-120, [3 f.]</subfield></datafield><datafield ind1=" " ind2=" " tag="580"><subfield code="a">In: Journées du droit de la construction.... - Fribourg : Séminaire pour le droit de la construction. - 1995, documentation 4, f. 88-120, [3 f.]</subfield></datafield><datafield ind1=" " ind2="7" tag="650"><subfield code="a">droit de la construction</subfield><subfield code="0">(RERO)A009984515</subfield><subfield code="2">rerovoc</subfield></datafield><datafield ind1=" " ind2="7" tag="650"><subfield code="a">Droit public</subfield><subfield code="0">(IDREF)050573004</subfield><subfield code="2">idref</subfield></datafield><datafield ind1=" " ind2="7" tag="651"><subfield code="a">Suisse</subfield><subfield code="0">(IDREF)027249654</subfield><subfield code="2">idref</subfield></datafield><datafield ind1=" " ind2="7" tag="655"><subfield code="a">Jurisprudence</subfield><subfield code="0">(IDREF)02847094X</subfield><subfield code="2">idref</subfield></datafield><datafield ind1="1" ind2="2" tag="700"><subfield code="a">Zufferey, Jean-Baptiste</subfield><subfield code="t">&lt;&lt;La&gt;&gt; jurisprudence récente et autres nouveautés</subfield></datafield><datafield ind1="0" ind2=" " tag="773"><subfield code="t">Journées du droit de la construction : Fribourg</subfield><subfield code="g">1995, documentation 4, f. 88-120, [3 f.]</subfield><subfield code="g">yr:1995</subfield><subfield code="w">(RERO)1160714-41slsp</subfield></datafield><datafield ind1="0" ind2=" " tag="773"><subfield code="t">Journées du droit de la construction : Fribourg</subfield><subfield code="g">1995, documentation 4, f. 88-120, [3 f.]</subfield><subfield code="q">1995/4/88-120/3</subfield><subfield code="w">(SBT)000007051SBT01</subfield></datafield><datafield ind1=" " ind2=" " tag="900"><subfield code="a">REROnoselfmerge</subfield></datafield></record>
</metadata></record>