<record><header><identifier>oai:alma.41SLSP_UGE:991000783469705502</identifier><datestamp>2024-03-09T01:41:46Z</datestamp><setSpec>uge_bcen_RapidILL_BOOK</setSpec><setSpec>uge_aaca_RapidILL_BOOK</setSpec><setSpec>uge_abels_RapidILL_BOOK</setSpec><setSpec>uge_dbu_RapidILL_BOOK</setSpec><setSpec>uge_cmu_RapidILL_BOOK</setSpec><setSpec>uge_mail_RapidILL_BOOK</setSpec><setSpec>uge_abbat_RapidILL_BOOK</setSpec><setSpec>UNIGE_ALL</setSpec><setSpec>uge_acar_RapidILL_BOOK</setSpec><setSpec>uge_aobs_RapidILL_BOOK</setSpec></header><metadata>
<record xmlns="http://www.loc.gov/MARC21/slim" xmlns:xsi="http://www.w3.org/2001/XMLSchema-instance" xsi:schemaLocation="http://www.loc.gov/MARC21/slim http://www.loc.gov/standards/marcxml/schema/MARC21slim.xsd"><leader>04317nam a2201045 c 4500</leader><controlfield tag="001">991000783469705502</controlfield><controlfield tag="005">20240308052911.0</controlfield><controlfield tag="008">201012s2004    gw ||||| |||| 00| ||ger d</controlfield><datafield ind1=" " ind2=" " tag="015"><subfield code="a">GFR-DNB-04,N06,1939</subfield></datafield><datafield ind1="7" ind2=" " tag="016"><subfield code="a">969838018</subfield><subfield code="2">GyFmDB</subfield></datafield><datafield ind1=" " ind2=" " tag="020"><subfield code="a">3799501371</subfield><subfield code="q">Pp.</subfield><subfield code="c">EUR 29.90</subfield></datafield><datafield ind1=" " ind2=" " tag="035"><subfield code="a">(swissbib)234682671-41slsp_network</subfield></datafield><datafield ind1=" " ind2=" " tag="035"><subfield code="a">234682671</subfield><subfield code="9">ExL</subfield></datafield><datafield ind1=" " ind2=" " tag="035"><subfield code="a">(RERO)R003710899-41slsp</subfield></datafield><datafield ind1=" " ind2=" " tag="035"><subfield code="a">(IDSBB)003174989DSV01</subfield></datafield><datafield ind1=" " ind2=" " tag="035"><subfield code="a">(NEBIS)004683736EBI01</subfield></datafield><datafield ind1=" " ind2=" " tag="035"><subfield code="a">(NEBIS)008651137EBI01</subfield></datafield><datafield ind1=" " ind2=" " tag="035"><subfield code="a">(IDSLU)000376185ILU01</subfield></datafield><datafield ind1=" " ind2=" " tag="035"><subfield code="a">(DDB)969838018</subfield></datafield><datafield ind1=" " ind2=" " tag="035"><subfield code="a">(ABN)000546369ABN01</subfield></datafield><datafield ind1=" " ind2=" " tag="035"><subfield code="a">(EXLNZ-41SLSP_NETWORK)991146388679705501</subfield></datafield><datafield ind1=" " ind2=" " tag="040"><subfield code="a">RERO frbcuc</subfield><subfield code="d">CH-ZuSLS</subfield></datafield><datafield ind1="0" ind2=" " tag="041"><subfield code="a">ger</subfield></datafield><datafield ind1=" " ind2=" " tag="044"><subfield code="a">gw</subfield></datafield><datafield ind1=" " ind2="7" tag="072"><subfield code="a">ht</subfield><subfield code="2">rero</subfield></datafield><datafield ind1=" " ind2="7" tag="072"><subfield code="a">wg</subfield><subfield code="2">SzZuIDS BS/BE</subfield></datafield><datafield ind1=" " ind2="7" tag="072"><subfield code="a">th</subfield><subfield code="2">SzZuIDS BS/BE</subfield></datafield><datafield ind1=" " ind2="7" tag="072"><subfield code="a">650</subfield><subfield code="2">IDS LU</subfield></datafield><datafield ind1="0" ind2="4" tag="082"><subfield code="a">940</subfield></datafield><datafield ind1="1" ind2="4" tag="082"><subfield code="a">330</subfield><subfield code="2">15</subfield></datafield><datafield ind1=" " ind2=" " tag="084"><subfield code="a">BO 4260</subfield><subfield code="2">rvk</subfield></datafield><datafield ind1=" " ind2=" " tag="084"><subfield code="a">LC 33085</subfield><subfield code="2">rvk</subfield></datafield><datafield ind1=" " ind2=" " tag="084"><subfield code="a">LC 41000</subfield><subfield code="2">rvk</subfield></datafield><datafield ind1=" " ind2=" " tag="084"><subfield code="a">LC 41085</subfield><subfield code="2">rvk</subfield></datafield><datafield ind1=" " ind2=" " tag="084"><subfield code="a">LC 41090</subfield><subfield code="2">rvk</subfield></datafield><datafield ind1=" " ind2=" " tag="084"><subfield code="a">NV 5700</subfield><subfield code="2">rvk</subfield></datafield><datafield ind1=" " ind2=" " tag="084"><subfield code="a">NR 5970</subfield><subfield code="2">rvk</subfield></datafield><datafield ind1="0" ind2="0" tag="245"><subfield code="a">Wider alle Hexerei und Teufelswerk</subfield><subfield code="b">die europäische Hexenverfolgung und ihre Auswirkungen auf Südwestdeutschland</subfield><subfield code="c">hrsg. von Sönke Lorenz und Jürgen Michael Schmidt und dem Institut für Gechischtliche Landeskunde und Historische Hilfswissenschaft der Universität Tübingen ; Red. Stefan Kötz</subfield></datafield><datafield ind1=" " ind2=" " tag="250"><subfield code="a">1. Aufl</subfield></datafield><datafield ind1=" " ind2="1" tag="264"><subfield code="a">Stuttgart</subfield><subfield code="b">Jan Thorbecke Verlag</subfield><subfield code="c">[2004]</subfield></datafield><datafield ind1=" " ind2="4" tag="264"><subfield code="c">© 2004</subfield></datafield><datafield ind1=" " ind2=" " tag="300"><subfield code="a">X, 668 S.</subfield><subfield code="b">Abb.</subfield><subfield code="c">25 cm</subfield></datafield><datafield ind1=" " ind2=" " tag="336"><subfield code="b">txt</subfield><subfield code="2">rdacontent</subfield></datafield><datafield ind1=" " ind2=" " tag="337"><subfield code="b">n</subfield><subfield code="2">rdamedia</subfield></datafield><datafield ind1=" " ind2=" " tag="338"><subfield code="b">nc</subfield><subfield code="2">rdacarrier</subfield></datafield><datafield ind1=" " ind2="7" tag="648"><subfield code="a">Geschichte 1500-1600</subfield><subfield code="2">idszbz</subfield></datafield><datafield ind1=" " ind2="7" tag="648"><subfield code="a">Geschichte 1600-1700</subfield><subfield code="2">idszbz</subfield></datafield><datafield ind1=" " ind2="7" tag="648"><subfield code="a">Geschichte 1400-1700</subfield><subfield code="2">idszbz</subfield></datafield><datafield ind1=" " ind2="7" tag="648"><subfield code="a">Geschichte 1400-1500</subfield><subfield code="2">idszbz</subfield></datafield><datafield ind1=" " ind2="7" tag="648"><subfield code="a">Geschichte 1400-1700</subfield><subfield code="2">gnd</subfield></datafield><datafield ind1=" " ind2="7" tag="648"><subfield code="a">Geschichte</subfield><subfield code="2">gnd</subfield></datafield><datafield ind1=" " ind2="7" tag="650"><subfield code="a">lutte contre la sorcellerie</subfield><subfield code="0">(RERO)A010029586</subfield><subfield code="2">rerovoc</subfield></datafield><datafield ind1=" " ind2="7" tag="650"><subfield code="a">16e siècle-18e siècle</subfield><subfield code="2">idref</subfield></datafield><datafield ind1=" " ind2="7" tag="650"><subfield code="a">Procès</subfield><subfield code="0">(IDREF)027776298</subfield><subfield code="2">idref</subfield></datafield><datafield ind1=" " ind2="7" tag="650"><subfield code="a">Sorcellerie</subfield><subfield code="0">(IDREF)027331334</subfield><subfield code="2">idref</subfield></datafield><datafield ind1=" " ind2="7" tag="650"><subfield code="a">Sorcières</subfield><subfield code="0">(IDREF)030946255</subfield><subfield code="2">idref</subfield></datafield><datafield ind1=" " ind2="7" tag="650"><subfield code="a">Persécutions</subfield><subfield code="0">(IDREF)027366618</subfield><subfield code="2">idref</subfield></datafield><datafield ind1=" " ind2="7" tag="650"><subfield code="a">Hexenverfolgung</subfield><subfield code="z">Europa</subfield><subfield code="y">Geschichte</subfield><subfield code="2">idsbb</subfield></datafield><datafield ind1=" " ind2="7" tag="650"><subfield code="a">Hexenverfolgung</subfield><subfield code="z">Südwestdeutschland</subfield><subfield code="y">Geschichte</subfield><subfield code="v">0 Gesamtdarstellung</subfield><subfield code="2">idsbb</subfield></datafield><datafield ind1=" " ind2="7" tag="650"><subfield code="a">Hexenverfolgung</subfield><subfield code="y">Geschichte</subfield><subfield code="v">Forschungsbericht</subfield><subfield code="2">idsbb</subfield></datafield><datafield ind1=" " ind2="7" tag="650"><subfield code="a">Hexenglaube</subfield><subfield code="2">idszbz</subfield></datafield><datafield ind1=" " ind2="7" tag="650"><subfield code="a">Hexenprozess</subfield><subfield code="2">idszbz</subfield></datafield><datafield ind1=" " ind2="7" tag="650"><subfield code="a">Hexenverfolgung</subfield><subfield code="2">idszbz</subfield></datafield><datafield ind1=" " ind2="0" tag="650"><subfield code="a">Trials (Witchcraft)</subfield><subfield code="z">Europe</subfield><subfield code="x">History</subfield></datafield><datafield ind1=" " ind2="0" tag="650"><subfield code="a">Trials (Witchcraft)</subfield><subfield code="z">Germany, Southern</subfield><subfield code="x">History</subfield></datafield><datafield ind1=" " ind2="0" tag="650"><subfield code="a">Witchcraft</subfield><subfield code="z">Europe</subfield><subfield code="x">History</subfield></datafield><datafield ind1=" " ind2="0" tag="650"><subfield code="a">Witchcraft</subfield><subfield code="z">Germany, Southern</subfield></datafield><datafield ind1=" " ind2="0" tag="650"><subfield code="a">Witchcraft</subfield><subfield code="z">Germany, Southern</subfield><subfield code="x">History</subfield></datafield><datafield ind1=" " ind2="7" tag="650"><subfield code="a">Hexenprozess</subfield><subfield code="0">(DE-588)4024800-8</subfield><subfield code="2">gnd</subfield></datafield><datafield ind1=" " ind2="7" tag="650"><subfield code="a">Hexerei</subfield><subfield code="0">(DE-588)4138802-1</subfield><subfield code="2">gnd</subfield></datafield><datafield ind1=" " ind2="7" tag="650"><subfield code="a">Hexenverfolgung</subfield><subfield code="0">(DE-588)4113908-2</subfield><subfield code="2">gnd</subfield></datafield><datafield ind1=" " ind2="7" tag="650"><subfield code="a">Hexenglaube</subfield><subfield code="0">(DE-588)4113907-0</subfield><subfield code="2">gnd</subfield></datafield><datafield ind1=" " ind2="7" tag="651"><subfield code="a">Allemagne (sud-ouest)</subfield><subfield code="0">(IDREF)028388569</subfield><subfield code="2">idref</subfield></datafield><datafield ind1=" " ind2="7" tag="651"><subfield code="a">Südwestdeutschland</subfield><subfield code="2">idszbz</subfield></datafield><datafield ind1=" " ind2="7" tag="651"><subfield code="a">Deutschland</subfield><subfield code="2">idszbz</subfield></datafield><datafield ind1=" " ind2="7" tag="651"><subfield code="a">Südwestdeutschland</subfield><subfield code="0">(DE-588)4078053-3</subfield><subfield code="2">gnd</subfield></datafield><datafield ind1=" " ind2="7" tag="655"><subfield code="a">[Études diverses]</subfield><subfield code="0">(RERO)A022249905</subfield><subfield code="2">rero</subfield></datafield><datafield ind1=" " ind2="7" tag="655"><subfield code="a">Aufsatzsammlung</subfield><subfield code="2">idszbz</subfield></datafield><datafield ind1=" " ind2="7" tag="655"><subfield code="a">Aufsatzsammlung</subfield><subfield code="2">gnd-content</subfield></datafield><datafield ind1=" " ind2="7" tag="655"><subfield code="a">Forschungsbericht</subfield><subfield code="2">gnd-content</subfield></datafield><datafield ind1=" " ind2=" " tag="690"><subfield code="a">Hexenverfolgung</subfield><subfield code="2">rzh-UA</subfield></datafield><datafield ind1=" " ind2=" " tag="690"><subfield code="a">Südwestdeutschland</subfield><subfield code="2">rzh-UA</subfield></datafield><datafield ind1="1" ind2=" " tag="700"><subfield code="a">Schmidt, Jürgen Michael</subfield><subfield code="0">(RERO)A003800714</subfield></datafield><datafield ind1="1" ind2=" " tag="700"><subfield code="a">Kötz, Stefan</subfield><subfield code="0">(RERO)A011274401</subfield></datafield><datafield ind1="1" ind2=" " tag="700"><subfield code="a">Lorenz, Sönke</subfield><subfield code="d">1944-2012</subfield><subfield code="0">(DE-588)118109693</subfield><subfield code="6">880-04</subfield></datafield><datafield ind1="1" ind2=" " tag="880"><subfield code="6">700-04</subfield><subfield code="a">Lorenz, Sönke</subfield><subfield code="d">1944-2012</subfield><subfield code="0">(IDREF)028759265</subfield></datafield><datafield ind1="2" ind2=" " tag="710"><subfield code="6">880-05</subfield><subfield code="a">Institut für geschichtliche Landeskunde und historische Hilfswissenschaften</subfield><subfield code="g">Tübingen, Allemagne</subfield><subfield code="0">(IDREF)030045673</subfield></datafield><datafield ind1="2" ind2=" " tag="880"><subfield code="a">Eberhard Karls Universität Tübingen</subfield><subfield code="b">Institut für Geschichtliche Landeskunde und Historische Hilfswissenschaften</subfield><subfield code="0">(DE-588)2013837-4</subfield><subfield code="6">710-05</subfield></datafield><datafield ind1="4" ind2=" " tag="856"><subfield code="3">Abstract / Autoreninformation</subfield><subfield code="u">https://toc.library.ethz.ch/objects/pdf/000133494_e01_3799501371_02.pdf</subfield><subfield code="q">pdf</subfield></datafield><datafield ind1=" " ind2=" " tag="900"><subfield code="a">REROnoselfmerge</subfield></datafield><datafield ind1=" " ind2=" " tag="900"><subfield code="a">IDSZ2zbzmon200408f</subfield><subfield code="c">IDSZ2haff</subfield><subfield code="d">IDSZ2zbzswk200408b</subfield><subfield code="e">IDSZ2brue</subfield></datafield></record>
</metadata></record>