<record><header><identifier>oai:alma.41SLSP_UGE:991000764559705502</identifier><datestamp>2023-03-03T01:08:07Z</datestamp><setSpec>uge_bcen_RapidILL_BOOK</setSpec><setSpec>uge_aaca_RapidILL_BOOK</setSpec><setSpec>uge_abels_RapidILL_BOOK</setSpec><setSpec>uge_dbu_RapidILL_BOOK</setSpec><setSpec>uge_cmu_RapidILL_BOOK</setSpec><setSpec>uge_mail_RapidILL_BOOK</setSpec><setSpec>uge_abbat_RapidILL_BOOK</setSpec><setSpec>UNIGE_ALL</setSpec><setSpec>uge_acar_RapidILL_BOOK</setSpec><setSpec>uge_aobs_RapidILL_BOOK</setSpec></header><metadata>
<record xmlns="http://www.loc.gov/MARC21/slim" xmlns:xsi="http://www.w3.org/2001/XMLSchema-instance" xsi:schemaLocation="http://www.loc.gov/MARC21/slim http://www.loc.gov/standards/marcxml/schema/MARC21slim.xsd"><leader>02359nam a2200613 c 4500</leader><controlfield tag="001">991000764559705502</controlfield><controlfield tag="005">20230302192424.0</controlfield><controlfield tag="008">201011s1995    xxk||||| |||| 00| ||eng d</controlfield><datafield ind1=" " ind2=" " tag="020"><subfield code="a">0521437733</subfield></datafield><datafield ind1=" " ind2=" " tag="035"><subfield code="a">(swissbib)217810691-41slsp_network</subfield></datafield><datafield ind1=" " ind2=" " tag="035"><subfield code="a">217810691</subfield><subfield code="9">ExL</subfield></datafield><datafield ind1=" " ind2=" " tag="035"><subfield code="a">(RERO)2226391-41slsp</subfield></datafield><datafield ind1=" " ind2=" " tag="035"><subfield code="a">(NEBIS)008385928EBI01</subfield></datafield><datafield ind1=" " ind2=" " tag="035"><subfield code="a">(EXLNZ-41SLSP_NETWORK)991104996869705501</subfield></datafield><datafield ind1=" " ind2=" " tag="040"><subfield code="a">RERO geuieg</subfield><subfield code="d">CH-ZuSLS</subfield></datafield><datafield ind1=" " ind2="7" tag="072"><subfield code="a">et</subfield><subfield code="2">rero</subfield></datafield><datafield ind1=" " ind2="7" tag="072"><subfield code="a">ht</subfield><subfield code="2">rero</subfield></datafield><datafield ind1="0" ind2="4" tag="082"><subfield code="a">390</subfield><subfield code="2">19</subfield></datafield><datafield ind1=" " ind2=" " tag="084"><subfield code="a">71.55</subfield><subfield code="2">bcl</subfield></datafield><datafield ind1=" " ind2=" " tag="084"><subfield code="a">LB 25190</subfield><subfield code="2">rvk</subfield></datafield><datafield ind1=" " ind2=" " tag="084"><subfield code="a">MR 3100</subfield><subfield code="2">rvk</subfield></datafield><datafield ind1=" " ind2=" " tag="084"><subfield code="a">NB 5550</subfield><subfield code="2">rvk</subfield></datafield><datafield ind1="0" ind2="0" tag="245"><subfield code="a">&lt;&lt;The&gt;&gt; invention of tradition</subfield><subfield code="c">ed. by Eric Hobsbawm and Terence Ranger</subfield></datafield><datafield ind1=" " ind2=" " tag="250"><subfield code="a">[Reprinted.]</subfield></datafield><datafield ind1=" " ind2="1" tag="264"><subfield code="a">Cambridge</subfield><subfield code="b">Cambridge University Press</subfield><subfield code="c">1995</subfield></datafield><datafield ind1=" " ind2=" " tag="300"><subfield code="a">VI, 322 p.</subfield><subfield code="c">22 cm</subfield></datafield><datafield ind1=" " ind2=" " tag="336"><subfield code="b">txt</subfield><subfield code="2">rdacontent</subfield></datafield><datafield ind1=" " ind2=" " tag="337"><subfield code="b">n</subfield><subfield code="2">rdamedia</subfield></datafield><datafield ind1=" " ind2=" " tag="338"><subfield code="b">nc</subfield><subfield code="2">rdacarrier</subfield></datafield><datafield ind1="1" ind2=" " tag="490"><subfield code="a">Canto</subfield></datafield><datafield ind1="1" ind2=" " tag="490"><subfield code="a">Past and present publications</subfield></datafield><datafield ind1=" " ind2="7" tag="648"><subfield code="a">Geschichte 1800-1977</subfield><subfield code="2">gnd</subfield></datafield><datafield ind1=" " ind2="7" tag="650"><subfield code="a">19e siècle-1914</subfield><subfield code="0">(RERO)A023748634</subfield><subfield code="2">rero</subfield></datafield><datafield ind1=" " ind2="7" tag="650"><subfield code="a">Inventions</subfield><subfield code="0">(IDREF)027235270</subfield><subfield code="2">idref</subfield></datafield><datafield ind1=" " ind2="7" tag="650"><subfield code="a">Moeurs et coutumes</subfield><subfield code="0">(IDREF)027239640</subfield><subfield code="2">idref</subfield></datafield><datafield ind1=" " ind2="7" tag="650"><subfield code="a">Geschichtsbewusstsein</subfield><subfield code="0">(DE-588)4020526-5</subfield><subfield code="2">gnd</subfield></datafield><datafield ind1=" " ind2="7" tag="650"><subfield code="a">Ideologie</subfield><subfield code="0">(DE-588)4026486-5</subfield><subfield code="2">gnd</subfield></datafield><datafield ind1=" " ind2="7" tag="651"><subfield code="a">Europe</subfield><subfield code="0">(IDREF)027224651</subfield><subfield code="2">idref</subfield></datafield><datafield ind1=" " ind2="7" tag="651"><subfield code="a">Großbritannien</subfield><subfield code="0">(DE-588)4022153-2</subfield><subfield code="2">gnd</subfield></datafield><datafield ind1=" " ind2="7" tag="655"><subfield code="a">[Études diverses]</subfield><subfield code="0">(RERO)A022249905</subfield><subfield code="2">rero</subfield></datafield><datafield ind1=" " ind2=" " tag="690"><subfield code="a">Grossbritannien. Geschichte. 19. Jahrhundert</subfield><subfield code="2">uzb-US</subfield></datafield><datafield ind1=" " ind2=" " tag="690"><subfield code="a">Grossbritannien. Geschichte. 20. Jahrhundert</subfield><subfield code="2">uzb-US</subfield></datafield><datafield ind1=" " ind2=" " tag="690"><subfield code="a">Wales. Geschichte</subfield><subfield code="2">uzb-US</subfield></datafield><datafield ind1=" " ind2=" " tag="690"><subfield code="a">Schottland. Geschichte</subfield><subfield code="2">uzb-US</subfield></datafield><datafield ind1=" " ind2=" " tag="690"><subfield code="a">Indien. Geschichte. Besondere Aspekte</subfield><subfield code="2">uzb-US</subfield></datafield><datafield ind1=" " ind2=" " tag="690"><subfield code="a">Afrika. Geschichte. Besondere Aspekte</subfield><subfield code="2">uzb-US</subfield></datafield><datafield ind1=" " ind2=" " tag="690"><subfield code="a">Tradition</subfield><subfield code="2">uzb-US</subfield></datafield><datafield ind1=" " ind2=" " tag="690"><subfield code="a">Kolonialismus</subfield><subfield code="2">uzb-US</subfield></datafield><datafield ind1="1" ind2=" " tag="700"><subfield code="a">Hobsbawm, Eric J.</subfield><subfield code="d">1917-2012</subfield><subfield code="0">(DE-588)120342081</subfield></datafield><datafield ind1="1" ind2=" " tag="700"><subfield code="a">Hobsbawm, Eric John</subfield><subfield code="d">1917-2012</subfield><subfield code="0">(IDREF)02759713X</subfield></datafield><datafield ind1="4" ind2=" " tag="856"><subfield code="3">Inhaltsverzeichnis</subfield><subfield code="u">https://toc.library.ethz.ch/objects/pdf_uzh50/4/978-0-521-43773-8_004952014.pdf</subfield><subfield code="q">pdf</subfield></datafield><datafield ind1=" " ind2=" " tag="830"><subfield code="a">Past and Present Publications</subfield><subfield code="w">(RERO)0155328-41slsp</subfield></datafield><datafield ind1=" " ind2=" " tag="830"><subfield code="a">Canto</subfield><subfield code="p">Cambridge University Press</subfield><subfield code="w">(RERO)1518100-41slsp</subfield></datafield><datafield ind1=" " ind2=" " tag="900"><subfield code="a">REROnoselfmerge</subfield></datafield><datafield ind1=" " ind2=" " tag="949"><subfield code="a">https://toc.library.ethz.ch/objects/pdf_uzh50/4/978-0-521-43773-8_004952014.pdf</subfield></datafield><datafield ind1=" " ind2=" " tag="961"><subfield code="2">gsi</subfield><subfield code="a">390</subfield><subfield code="9">LOCAL</subfield></datafield></record>
</metadata></record>