<record><header><identifier>oai:alma.41SLSP_UGE:991000765289705502</identifier><datestamp>2023-04-12T00:12:34Z</datestamp><setSpec>uge_bcen_RapidILL_BOOK</setSpec><setSpec>uge_aaca_RapidILL_BOOK</setSpec><setSpec>uge_abels_RapidILL_BOOK</setSpec><setSpec>uge_dbu_RapidILL_BOOK</setSpec><setSpec>uge_cmu_RapidILL_BOOK</setSpec><setSpec>uge_mail_RapidILL_BOOK</setSpec><setSpec>uge_abbat_RapidILL_BOOK</setSpec><setSpec>UNIGE_ALL</setSpec><setSpec>uge_aobs_RapidILL_BOOK</setSpec><setSpec>uge_acar_RapidILL_BOOK</setSpec></header><metadata>
<record xmlns="http://www.loc.gov/MARC21/slim" xmlns:xsi="http://www.w3.org/2001/XMLSchema-instance" xsi:schemaLocation="http://www.loc.gov/MARC21/slim http://www.loc.gov/standards/marcxml/schema/MARC21slim.xsd"><leader>02432nam a2200397 c 4500</leader><controlfield tag="001">991000765289705502</controlfield><controlfield tag="005">20230410182958.0</controlfield><controlfield tag="008">181023s2018    fr ||||| |||| 00| ||fre d</controlfield><datafield ind1=" " ind2=" " tag="020"><subfield code="a">9782100743421</subfield><subfield code="q">br</subfield></datafield><datafield ind1="7" ind2=" " tag="024"><subfield code="a">http://catalogue.bnf.fr/ark:/12148/cb45052297f</subfield><subfield code="2">uri</subfield></datafield><datafield ind1=" " ind2=" " tag="035"><subfield code="a">(swissbib)125190018-41slsp_network</subfield></datafield><datafield ind1=" " ind2=" " tag="035"><subfield code="a">125190018</subfield><subfield code="9">ExL</subfield></datafield><datafield ind1=" " ind2=" " tag="035"><subfield code="a">(RERO)R008856488-41slsp</subfield></datafield><datafield ind1=" " ind2=" " tag="035"><subfield code="a">(EXLNZ-41SLSP_NETWORK)991109250849705501</subfield></datafield><datafield ind1=" " ind2=" " tag="040"><subfield code="a">Abes</subfield><subfield code="d">CH-ZuSLS</subfield></datafield><datafield ind1=" " ind2="7" tag="072"><subfield code="a">in</subfield><subfield code="2">rero</subfield></datafield><datafield ind1=" " ind2="7" tag="072"><subfield code="a">ur</subfield><subfield code="2">rero</subfield></datafield><datafield ind1="0" ind2="4" tag="082"><subfield code="a">628.4</subfield><subfield code="2">23</subfield></datafield><datafield ind1="1" ind2=" " tag="100"><subfield code="a">Turlan, Tristan</subfield><subfield code="0">(IDREF)169692256</subfield><subfield code="4">cre</subfield></datafield><datafield ind1="1" ind2="0" tag="245"><subfield code="a">&lt;&lt;Les&gt;&gt; déchets</subfield><subfield code="b">collecte, traitement, tri, recyclage</subfield><subfield code="c">Tristan Turlan</subfield></datafield><datafield ind1=" " ind2=" " tag="250"><subfield code="a">2e éd.</subfield></datafield><datafield ind1=" " ind2="1" tag="264"><subfield code="a">Malakoff</subfield><subfield code="b">Dunod</subfield><subfield code="c">2018</subfield></datafield><datafield ind1=" " ind2=" " tag="300"><subfield code="a">1 vol. (VII-289 p.)</subfield><subfield code="b">ill. en noir et blanc, fig., couv. ill. en coul.</subfield><subfield code="c">24 cm</subfield></datafield><datafield ind1=" " ind2=" " tag="336"><subfield code="b">txt</subfield><subfield code="2">rdacontent</subfield></datafield><datafield ind1=" " ind2=" " tag="337"><subfield code="b">n</subfield><subfield code="2">rdamedia</subfield></datafield><datafield ind1=" " ind2=" " tag="338"><subfield code="b">nc</subfield><subfield code="2">rdacarrier</subfield></datafield><datafield ind1="0" ind2=" " tag="490"><subfield code="a">Collection Technique &amp; Ingénierie, Environnement</subfield></datafield><datafield ind1=" " ind2=" " tag="500"><subfield code="a">Le verso de la page de titre comporte uniquement l'ISBN de l'édition de 2013</subfield></datafield><datafield ind1=" " ind2=" " tag="504"><subfield code="a">Notes bibliogr. Glossaire. Index</subfield></datafield><datafield ind1="8" ind2=" " tag="520"><subfield code="a">La 4e de couverture indique : &quot;Le monde des déchets, complexe et souvent méconnu, est depuis quelques années un domaine en pleine expansion. Les nouvelles lois et réglementations européennes, appliquées également en France, permettent à cette filière de se moderniser et se structurer. Outre les aspects législatifs et les différents gisements de déchets existants, cet ouvrage offre un panorama complet de la filière et aborde la collecte (mise en oeuvre, transfert et transport), le traitement (incinération, enfouissage, compostage, captage du biogaz), le tri, ainsi que le recyclage des différents matériaux. Technique et largement illustrée, cette nouvelle édition entièrement actualisée s'adresse aux professionnels du secteur, qu'ils soient privés ou institutionnels, ainsi qu'aux étudiants de ces disciplines nouvelles (environnement, déchets, protection de la nature...).&quot;</subfield></datafield><datafield ind1=" " ind2="7" tag="650"><subfield code="a">Déchets</subfield><subfield code="0">(IDREF)027576833</subfield><subfield code="2">idref</subfield></datafield><datafield ind1=" " ind2="7" tag="650"><subfield code="a">Déchets</subfield><subfield code="x">Élimination</subfield><subfield code="0">(IDREF)027363945</subfield><subfield code="2">idref</subfield></datafield><datafield ind1=" " ind2="7" tag="650"><subfield code="a">Recyclage (déchets, etc.)</subfield><subfield code="0">(IDREF)027289435</subfield><subfield code="2">idref</subfield></datafield><datafield ind1=" " ind2="7" tag="650"><subfield code="a">Déchets</subfield><subfield code="x">Valorisation</subfield><subfield code="0">(IDREF)035352043</subfield><subfield code="2">idref</subfield></datafield><datafield ind1=" " ind2="7" tag="650"><subfield code="a">Déchets</subfield><subfield code="x">Collecte sélective</subfield><subfield code="0">(IDREF)029338271</subfield><subfield code="2">idref</subfield></datafield><datafield ind1=" " ind2=" " tag="900"><subfield code="a">REROnoselfmerge</subfield></datafield><datafield ind1=" " ind2=" " tag="910"><subfield code="a">SUDOC</subfield><subfield code="b">20181023</subfield><subfield code="c">Réutilisation sous conditions: Licence ouverte Etalab</subfield></datafield></record>
</metadata></record>