<record><header><identifier>oai:alma.41SLSP_UGE:991000765079705502</identifier><datestamp>2024-03-09T01:26:27Z</datestamp><setSpec>uge_bcen_RapidILL_BOOK</setSpec><setSpec>uge_aaca_RapidILL_BOOK</setSpec><setSpec>uge_abels_RapidILL_BOOK</setSpec><setSpec>uge_dbu_RapidILL_BOOK</setSpec><setSpec>uge_cmu_RapidILL_BOOK</setSpec><setSpec>uge_mail_RapidILL_BOOK</setSpec><setSpec>uge_abbat_RapidILL_BOOK</setSpec><setSpec>UNIGE_ALL</setSpec><setSpec>uge_acar_RapidILL_BOOK</setSpec><setSpec>uge_aobs_RapidILL_BOOK</setSpec></header><metadata>
<record xmlns="http://www.loc.gov/MARC21/slim" xmlns:xsi="http://www.w3.org/2001/XMLSchema-instance" xsi:schemaLocation="http://www.loc.gov/MARC21/slim http://www.loc.gov/standards/marcxml/schema/MARC21slim.xsd"><leader>02673nam a2200721 c 4500</leader><controlfield tag="001">991000765079705502</controlfield><controlfield tag="005">20240308061540.0</controlfield><controlfield tag="008">201011s1997    gw ||||| |||| 00| ||ger d</controlfield><datafield ind1=" " ind2=" " tag="020"><subfield code="a">388377572X</subfield></datafield><datafield ind1=" " ind2=" " tag="035"><subfield code="a">(swissbib)227276590-41slsp_network</subfield></datafield><datafield ind1=" " ind2=" " tag="035"><subfield code="a">227276590</subfield><subfield code="9">ExL</subfield></datafield><datafield ind1=" " ind2=" " tag="035"><subfield code="a">(RERO)R221544560-41slsp</subfield></datafield><datafield ind1=" " ind2=" " tag="035"><subfield code="a">(IDSLU)000103325ILU01</subfield></datafield><datafield ind1=" " ind2=" " tag="035"><subfield code="a">(NEBIS)001838517EBI01</subfield></datafield><datafield ind1=" " ind2=" " tag="035"><subfield code="a">(IDSBB)001450660DSV01</subfield></datafield><datafield ind1=" " ind2=" " tag="035"><subfield code="a">(ABN)000089636ABN01</subfield></datafield><datafield ind1=" " ind2=" " tag="035"><subfield code="a">(EXLNZ-41SLSP_NETWORK)991156308709705501</subfield></datafield><datafield ind1=" " ind2=" " tag="040"><subfield code="a">RERO geulmu</subfield><subfield code="d">CH-ZuSLS</subfield></datafield><datafield ind1=" " ind2="7" tag="072"><subfield code="a">mu</subfield><subfield code="2">rero</subfield></datafield><datafield ind1=" " ind2="7" tag="072"><subfield code="a">480</subfield><subfield code="2">IDS LU</subfield></datafield><datafield ind1=" " ind2="7" tag="072"><subfield code="a">mu</subfield><subfield code="2">SzZuIDS BS/BE</subfield></datafield><datafield ind1="0" ind2="4" tag="082"><subfield code="a">780.92</subfield><subfield code="2">21</subfield></datafield><datafield ind1="1" ind2="4" tag="082"><subfield code="a">780.92</subfield><subfield code="2">22</subfield></datafield><datafield ind1="1" ind2="4" tag="082"><subfield code="a">780</subfield><subfield code="2">15</subfield></datafield><datafield ind1=" " ind2=" " tag="084"><subfield code="a">LP 65641</subfield><subfield code="2">rvk</subfield></datafield><datafield ind1="0" ind2="0" tag="245"><subfield code="a">Franz Schubert</subfield><subfield code="b">&quot;Todesmusik&quot;</subfield><subfield code="c">hrsg. von Heinz-Klaus Metzger und Rainer Riehn</subfield></datafield><datafield ind1=" " ind2="1" tag="264"><subfield code="a">München</subfield><subfield code="b">Ed. Text + Kritik</subfield><subfield code="c">1997</subfield></datafield><datafield ind1=" " ind2=" " tag="300"><subfield code="a">194 S.</subfield><subfield code="b">Noten</subfield><subfield code="c">23 cm</subfield></datafield><datafield ind1=" " ind2=" " tag="336"><subfield code="b">txt</subfield><subfield code="2">rdacontent</subfield></datafield><datafield ind1=" " ind2=" " tag="337"><subfield code="b">n</subfield><subfield code="2">rdamedia</subfield></datafield><datafield ind1=" " ind2=" " tag="338"><subfield code="b">nc</subfield><subfield code="2">rdacarrier</subfield></datafield><datafield ind1="1" ind2=" " tag="490"><subfield code="a">Musik-Konzepte</subfield><subfield code="v">H. 97-98</subfield></datafield><datafield ind1=" " ind2=" " tag="504"><subfield code="a">Literaturverz.</subfield></datafield><datafield ind1="1" ind2="7" tag="600"><subfield code="a">Schubert, Franz</subfield><subfield code="d">1797-1828</subfield><subfield code="0">(IDREF)02734262X</subfield><subfield code="2">idref</subfield></datafield><datafield ind1="1" ind2="7" tag="600"><subfield code="a">Schubert, Franz</subfield><subfield code="d">1797-1828</subfield><subfield code="0">(DE-588)118610961</subfield><subfield code="2">gnd</subfield></datafield><datafield ind1="1" ind2="7" tag="600"><subfield code="a">Schubert, Franz</subfield><subfield code="2">idszbz</subfield></datafield><datafield ind1="1" ind2="0" tag="600"><subfield code="a">Schubert, Franz</subfield><subfield code="d">1797-1828</subfield><subfield code="t">Songs</subfield></datafield><datafield ind1="1" ind2="0" tag="600"><subfield code="a">Schubert, Franz</subfield><subfield code="d">1797-1828</subfield><subfield code="x">Criticism and interpretation</subfield></datafield><datafield ind1="1" ind2="4" tag="600"><subfield code="a">Schubert, Franz</subfield><subfield code="d">1797-1828</subfield><subfield code="0">(DE-588)118610961</subfield></datafield><datafield ind1="1" ind2="7" tag="600"><subfield code="a">Schubert, Franz</subfield><subfield code="2">idsbb</subfield></datafield><datafield ind1=" " ind2="7" tag="650"><subfield code="a">Mort</subfield><subfield code="0">(IDREF)027239861</subfield><subfield code="2">idref</subfield></datafield><datafield ind1=" " ind2="7" tag="650"><subfield code="a">Homosexualität</subfield><subfield code="2">idszbz</subfield></datafield><datafield ind1=" " ind2="7" tag="650"><subfield code="a">Tod</subfield><subfield code="2">idszbz</subfield></datafield><datafield ind1=" " ind2="7" tag="650"><subfield code="a">Werk</subfield><subfield code="2">idszbz</subfield></datafield><datafield ind1=" " ind2="0" tag="650"><subfield code="a">Death in music</subfield></datafield><datafield ind1=" " ind2="7" tag="655"><subfield code="y">19. Jh.</subfield><subfield code="2">idsmusg</subfield></datafield><datafield ind1=" " ind2="7" tag="655"><subfield code="a">[Études diverses]</subfield><subfield code="0">(RERO)A022249905</subfield><subfield code="2">rero</subfield></datafield><datafield ind1=" " ind2=" " tag="690"><subfield code="a">Schubert, Franz, B: Werk: Lieder. Aufsätze</subfield><subfield code="2">rzs-L1</subfield></datafield><datafield ind1=" " ind2=" " tag="690"><subfield code="a">Schubert, Franz, B: Biographie &amp; Werk: Homosexualität</subfield><subfield code="2">rzs-L1</subfield></datafield><datafield ind1=" " ind2=" " tag="690"><subfield code="a">Schubert, Franz</subfield><subfield code="d">1797-1828</subfield><subfield code="2">nebis-E5</subfield></datafield><datafield ind1=" " ind2=" " tag="690"><subfield code="a">Romantik</subfield><subfield code="2">nebis-E4</subfield></datafield><datafield ind1=" " ind2=" " tag="690"><subfield code="a">19. Jh.</subfield><subfield code="2">nebis-E4</subfield></datafield><datafield ind1=" " ind2=" " tag="690"><subfield code="a">Instrumentalmusik Klavier 1750-1900</subfield><subfield code="2">ubs-A9</subfield></datafield><datafield ind1=" " ind2=" " tag="690"><subfield code="a">Schubert, Franz</subfield><subfield code="2">ubs-A9</subfield></datafield><datafield ind1="1" ind2=" " tag="700"><subfield code="a">Poos, Heinrich</subfield></datafield><datafield ind1="1" ind2=" " tag="700"><subfield code="a">Schubert, Franz</subfield><subfield code="d">1797-1828</subfield><subfield code="0">(DE-588)118610961</subfield></datafield><datafield ind1="1" ind2=" " tag="700"><subfield code="a">Poos, Heinrich</subfield><subfield code="d">1928-2020</subfield><subfield code="0">(DE-588)122821572</subfield></datafield><datafield ind1="1" ind2=" " tag="700"><subfield code="a">Metzger, Heinz-Klaus</subfield><subfield code="c">musicologue</subfield><subfield code="0">(IDREF)029908817</subfield></datafield><datafield ind1="1" ind2=" " tag="700"><subfield code="a">Riehn, Rainer</subfield><subfield code="d">1941-2015</subfield><subfield code="0">(IDREF)029908825</subfield></datafield><datafield ind1=" " ind2=" " tag="830"><subfield code="a">Musik-Konzepte</subfield><subfield code="p">Neue Folge</subfield><subfield code="v">97-98</subfield><subfield code="w">(RERO)0266443-41slsp</subfield></datafield><datafield ind1=" " ind2=" " tag="830"><subfield code="a">Musik-Konzepte</subfield><subfield code="p">Sonderband</subfield><subfield code="v">97-98</subfield><subfield code="w">(IDSLU)000134409ILU01</subfield></datafield><datafield ind1="4" ind2=" " tag="856"><subfield code="3">Inhaltsverzeichnis</subfield><subfield code="u">https://www.ub.unibas.ch/tox/HBZ/HT007909956/PDF</subfield><subfield code="q">pdf</subfield></datafield><datafield ind1=" " ind2=" " tag="900"><subfield code="a">REROnoselfmerge</subfield></datafield><datafield ind1=" " ind2=" " tag="949"><subfield code="a">https://www.ub.unibas.ch/tox/HBZ/HT007909956/PDF</subfield></datafield></record>
</metadata></record>