<record><header><identifier>oai:alma.41SLSP_UGE:991000765389705502</identifier><datestamp>2024-04-14T00:14:13Z</datestamp><setSpec>uge_bcen_RapidILL_BOOK</setSpec><setSpec>uge_aaca_RapidILL_BOOK</setSpec><setSpec>uge_abels_RapidILL_BOOK</setSpec><setSpec>uge_dbu_RapidILL_BOOK</setSpec><setSpec>uge_cmu_RapidILL_BOOK</setSpec><setSpec>uge_mail_RapidILL_BOOK</setSpec><setSpec>uge_abbat_RapidILL_BOOK</setSpec><setSpec>UNIGE_ALL</setSpec><setSpec>uge_acar_RapidILL_BOOK</setSpec><setSpec>uge_aobs_RapidILL_BOOK</setSpec></header><metadata>
<record xmlns="http://www.loc.gov/MARC21/slim" xmlns:xsi="http://www.w3.org/2001/XMLSchema-instance" xsi:schemaLocation="http://www.loc.gov/MARC21/slim http://www.loc.gov/standards/marcxml/schema/MARC21slim.xsd"><leader>04384nam a2200781 c 4500</leader><controlfield tag="001">991000765389705502</controlfield><controlfield tag="005">20230317150709.0</controlfield><controlfield tag="008">201011s2002    sz ||||| |||| 00| ||fre d</controlfield><datafield ind1=" " ind2=" " tag="015"><subfield code="a">GFR-CIP-02,N19</subfield><subfield code="a">DNB-02,N19,0486</subfield></datafield><datafield ind1=" " ind2=" " tag="020"><subfield code="a">376436484X</subfield><subfield code="c">Gb. : EUR 65.00, sfr 98.00</subfield></datafield><datafield ind1="7" ind2=" " tag="024"><subfield code="a">http://catalogue.bnf.fr/ark:/12148/cb39181683v</subfield><subfield code="2">uri</subfield></datafield><datafield ind1=" " ind2=" " tag="035"><subfield code="a">(swissbib)222363630-41slsp_network</subfield></datafield><datafield ind1=" " ind2=" " tag="035"><subfield code="a">222363630</subfield><subfield code="9">ExL</subfield></datafield><datafield ind1=" " ind2=" " tag="035"><subfield code="a">(RERO)R003204917-41slsp</subfield></datafield><datafield ind1=" " ind2=" " tag="035"><subfield code="a">(NEBIS)004346145EBI01</subfield></datafield><datafield ind1=" " ind2=" " tag="035"><subfield code="a">(IDSBB)002682123DSV01</subfield></datafield><datafield ind1=" " ind2=" " tag="035"><subfield code="a">(EXLNZ-41SLSP_NETWORK)991027246769705501</subfield></datafield><datafield ind1=" " ind2=" " tag="040"><subfield code="a">RERO geveth</subfield><subfield code="d">CH-ZuSLS</subfield></datafield><datafield ind1="1" ind2=" " tag="041"><subfield code="a">fre</subfield><subfield code="h">ger</subfield></datafield><datafield ind1=" " ind2=" " tag="044"><subfield code="a">sz</subfield><subfield code="c">ch-bs</subfield></datafield><datafield ind1=" " ind2="7" tag="072"><subfield code="a">ba</subfield><subfield code="2">rero</subfield></datafield><datafield ind1=" " ind2="7" tag="072"><subfield code="a">ac</subfield><subfield code="2">SzZuIDS BS/BE</subfield></datafield><datafield ind1=" " ind2="7" tag="072"><subfield code="a">ak</subfield><subfield code="2">SzZuIDS BS/BE</subfield></datafield><datafield ind1="1" ind2="4" tag="082"><subfield code="a">740</subfield><subfield code="2">15</subfield></datafield><datafield ind1="0" ind2="0" tag="245"><subfield code="a">Mobilier et intérieurs suisses au XXe siècle</subfield><subfield code="c">publ. sous la dir. de Arthur Rüegg ; en collab. avec le Museum für Gestaltung Zürich - Design-Sammlung, la Société d'histoire de l'art en Suisse SHAS, et l' Ecole polytechnique fédérale de Zurich - Département d'architecture ; [trad. de l'allemand par Laurent Auberson... et al.]</subfield></datafield><datafield ind1=" " ind2="1" tag="264"><subfield code="a">Bâle [etc.]</subfield><subfield code="b">Birkhäuser - Ed. d'architecture</subfield><subfield code="c">[2002]</subfield></datafield><datafield ind1=" " ind2="4" tag="264"><subfield code="c">© 2002</subfield></datafield><datafield ind1=" " ind2=" " tag="300"><subfield code="a">454 p.</subfield><subfield code="b">ill. en noir et en coul.</subfield><subfield code="c">30 cm</subfield></datafield><datafield ind1=" " ind2=" " tag="336"><subfield code="b">txt</subfield><subfield code="2">rdacontent</subfield></datafield><datafield ind1=" " ind2=" " tag="337"><subfield code="b">n</subfield><subfield code="2">rdamedia</subfield></datafield><datafield ind1=" " ind2=" " tag="338"><subfield code="b">nc</subfield><subfield code="2">rdacarrier</subfield></datafield><datafield ind1=" " ind2=" " tag="500"><subfield code="a">Dt. Ausg. u.d.T.: Schweizer Möbel und Interieurs im 20. Jahrhundert / hrsg. von Arthur Rüegg ; In Zusammenarbeit mit dem Museum für Gestaltung Zürich, Design-Sammlung</subfield></datafield><datafield ind1=" " ind2=" " tag="500"><subfield code="a">Originaltitel: Schweizer Möbel und Interieurs im 20. Jahrhundert</subfield></datafield><datafield ind1=" " ind2=" " tag="500"><subfield code="a">Engl. Ausg. u.d.T.: Swiss furniture and interiors in the 20th century / ed. by Arthur Rüegg. In Zusammenarbeit mit: Museum für Gestaltung Zürich, Design-Sammlung ... ; [transl. into Engl.: Robin Benson ...]</subfield></datafield><datafield ind1=" " ind2=" " tag="504"><subfield code="a">Bibliographie: p. 449</subfield></datafield><datafield ind1="8" ind2=" " tag="520"><subfield code="a">Parmi les exemples choisis figurent plusieurs éléments retenus lors de l'Expo nationale de 1964 à Lausanne. Répertoire des objets (1924-2000) p. 337-399. Notices biographiques des concepteurs (p. 412-440).</subfield><subfield code="5">RERO/labcur/12.2002</subfield></datafield><datafield ind1=" " ind2="7" tag="648"><subfield code="a">Geschichte 1900-2000</subfield><subfield code="2">gnd</subfield></datafield><datafield ind1=" " ind2="7" tag="650"><subfield code="a">Décoration intérieure</subfield><subfield code="0">(IDREF)027554902</subfield><subfield code="2">idref</subfield></datafield><datafield ind1=" " ind2="7" tag="650"><subfield code="a">mobilier</subfield><subfield code="0">(RERO)A009960041</subfield><subfield code="2">rerovoc</subfield></datafield><datafield ind1=" " ind2="7" tag="650"><subfield code="a">20e siècle</subfield><subfield code="0">(IDREF)086305646</subfield><subfield code="2">idref</subfield></datafield><datafield ind1=" " ind2="7" tag="650"><subfield code="a">Architecture intérieure suisse</subfield><subfield code="0">(RERO)A027726813</subfield><subfield code="2">rero</subfield></datafield><datafield ind1=" " ind2="7" tag="650"><subfield code="a">KUNSTGEWERBLICHE MÖBEL + MÖBELDESIGN</subfield><subfield code="9">ger</subfield><subfield code="0">(ETHUDK)000035827</subfield><subfield code="2">ethudk</subfield></datafield><datafield ind1=" " ind2="7" tag="650"><subfield code="a">MÖBELGESCHICHTE (HANDWERK)</subfield><subfield code="9">ger</subfield><subfield code="0">(ETHUDK)000041923</subfield><subfield code="2">ethudk</subfield></datafield><datafield ind1=" " ind2="7" tag="650"><subfield code="a">SCHWEIZ (MITTELEUROPA). SCHWEIZERISCHE EIDGENOSSENSCHAFT</subfield><subfield code="9">ger</subfield><subfield code="0">(ETHUDK)000004571</subfield><subfield code="2">ethudk</subfield></datafield><datafield ind1=" " ind2="7" tag="650"><subfield code="a">WOHNMÖBEL + MÖBELZUBEHÖR (WOHNUNGSEINRICHTUNGEN)</subfield><subfield code="9">ger</subfield><subfield code="0">(ETHUDK)000032179</subfield><subfield code="2">ethudk</subfield></datafield><datafield ind1=" " ind2="7" tag="650"><subfield code="a">WOHNUNGSEINRICHTUNGEN + EINRICHTUNGSGEGENSTÄNDE (HAUSWIRTSCHAFT)</subfield><subfield code="9">ger</subfield><subfield code="0">(ETHUDK)000032172</subfield><subfield code="2">ethudk</subfield></datafield><datafield ind1=" " ind2="7" tag="650"><subfield code="a">ZWANZIGSTES JAHRHUNDERT N. CHR.</subfield><subfield code="9">ger</subfield><subfield code="0">(ETHUDK)000008907</subfield><subfield code="2">ethudk</subfield></datafield><datafield ind1=" " ind2="7" tag="650"><subfield code="a">Möbel</subfield><subfield code="z">Schweiz</subfield><subfield code="y">Geschichte 20. Jh</subfield><subfield code="2">idsbb</subfield></datafield><datafield ind1=" " ind2="7" tag="650"><subfield code="a">Innenarchitektur</subfield><subfield code="z">Schweiz</subfield><subfield code="y">Geschichte 20. Jh</subfield><subfield code="2">idsbb</subfield></datafield><datafield ind1=" " ind2="7" tag="650"><subfield code="a">Möbel</subfield><subfield code="0">(DE-588)4039860-2</subfield><subfield code="2">gnd</subfield></datafield><datafield ind1=" " ind2="7" tag="650"><subfield code="a">Innenarchitektur</subfield><subfield code="0">(DE-588)4072819-5</subfield><subfield code="2">gnd</subfield></datafield><datafield ind1=" " ind2="7" tag="651"><subfield code="a">Suisse alémanique</subfield><subfield code="0">(IDREF)027437213</subfield><subfield code="2">idref</subfield></datafield><datafield ind1=" " ind2="7" tag="651"><subfield code="a">Suisse</subfield><subfield code="0">(IDREF)027249654</subfield><subfield code="2">idref</subfield></datafield><datafield ind1=" " ind2="7" tag="651"><subfield code="a">Schweiz</subfield><subfield code="0">(DE-588)4053881-3</subfield><subfield code="2">gnd</subfield></datafield><datafield ind1=" " ind2=" " tag="690"><subfield code="a">Schweiz</subfield><subfield code="x">Möbel</subfield><subfield code="x">20.Jh.</subfield><subfield code="2">nebis-E4</subfield></datafield><datafield ind1=" " ind2=" " tag="690"><subfield code="a">Schweiz</subfield><subfield code="x">Design</subfield><subfield code="x">20.Jh.</subfield><subfield code="2">nebis-E4</subfield></datafield><datafield ind1=" " ind2=" " tag="690"><subfield code="a">Schweiz</subfield><subfield code="x">Innenarchitektur</subfield><subfield code="x">20.Jh.</subfield><subfield code="2">nebis-E4</subfield></datafield><datafield ind1=" " ind2=" " tag="690"><subfield code="a">Schweiz</subfield><subfield code="x">Wohnkultur</subfield><subfield code="x">20.Jh.</subfield><subfield code="2">nebis-E4</subfield></datafield><datafield ind1="1" ind2=" " tag="700"><subfield code="6">880-02</subfield><subfield code="a">Auberson, Laurent</subfield><subfield code="d">1962-</subfield><subfield code="0">(DE-588)120954885</subfield></datafield><datafield ind1="1" ind2=" " tag="880"><subfield code="6">700-02</subfield><subfield code="a">Auberson, Laurent</subfield><subfield code="d">19..-....</subfield><subfield code="0">(IDREF)056957785</subfield></datafield><datafield ind1="1" ind2=" " tag="700"><subfield code="a">Rüegg, Arthur</subfield><subfield code="d">1942-</subfield><subfield code="6">880-03</subfield><subfield code="0">(DE-588)123021871</subfield></datafield><datafield ind1="1" ind2=" " tag="880"><subfield code="6">700-03</subfield><subfield code="a">Rüegg, Arthur</subfield><subfield code="d">1942-....</subfield><subfield code="0">(IDREF)07034180X</subfield></datafield><datafield ind1="2" ind2=" " tag="710"><subfield code="a">Museum für Gestaltung Zürich</subfield><subfield code="b">Design-Sammlung</subfield><subfield code="0">(DE-588)10070541-8</subfield></datafield><datafield ind1="2" ind2=" " tag="710"><subfield code="a">Stiftung Good Goods</subfield><subfield code="0">(DE-588)10041259-2</subfield></datafield><datafield ind1="2" ind2=" " tag="710"><subfield code="a">Kunstgewerbemuseum (Zürich)</subfield><subfield code="0">(RERO)A000186355</subfield></datafield><datafield ind1="2" ind2=" " tag="710"><subfield code="a">Société d'histoire de l'art en Suisse</subfield><subfield code="0">(RERO)A000152009</subfield></datafield><datafield ind1="2" ind2=" " tag="710"><subfield code="a">Ecole polytechnique fédérale (Zürich)</subfield><subfield code="b">Département d'architecture</subfield><subfield code="0">(RERO)A005496956</subfield></datafield><datafield ind1=" " ind2=" " tag="900"><subfield code="a">REROnoselfmerge</subfield></datafield><datafield ind1=" " ind2=" " tag="900"><subfield code="a">IDSE5E61ANH-2002</subfield></datafield><datafield ind1=" " ind2=" " tag="993"><subfield code="a">BFLB 21316</subfield><subfield code="x">ge/ulha/a/02/0814</subfield><subfield code="9">LOCAL</subfield></datafield></record>
</metadata></record>