<record><header><identifier>oai:alma.41SLSP_UGE:991000764539705502</identifier><datestamp>2023-03-01T01:09:58Z</datestamp><setSpec>uge_bcen_RapidILL_BOOK</setSpec><setSpec>uge_aaca_RapidILL_BOOK</setSpec><setSpec>uge_abels_RapidILL_BOOK</setSpec><setSpec>uge_dbu_RapidILL_BOOK</setSpec><setSpec>uge_cmu_RapidILL_BOOK</setSpec><setSpec>uge_mail_RapidILL_BOOK</setSpec><setSpec>UNIGE_ALL</setSpec><setSpec>uge_abbat_RapidILL_BOOK</setSpec><setSpec>uge_aobs_RapidILL_BOOK</setSpec><setSpec>uge_acar_RapidILL_BOOK</setSpec></header><metadata>
<record xmlns="http://www.loc.gov/MARC21/slim" xmlns:xsi="http://www.w3.org/2001/XMLSchema-instance" xsi:schemaLocation="http://www.loc.gov/MARC21/slim http://www.loc.gov/standards/marcxml/schema/MARC21slim.xsd"><leader>02078nam a2200577 c 4500</leader><controlfield tag="001">991000764539705502</controlfield><controlfield tag="005">20230207213733.0</controlfield><controlfield tag="008">201011s2007    xxu||||| |||| 00| ||eng d</controlfield><datafield ind1=" " ind2=" " tag="020"><subfield code="a">9780471677987</subfield><subfield code="q">v. 1 : alk. paper</subfield></datafield><datafield ind1=" " ind2=" " tag="020"><subfield code="a">9780471677994</subfield><subfield code="q">v. 2 : alk. paper</subfield></datafield><datafield ind1=" " ind2=" " tag="020"><subfield code="a">9780471678021</subfield><subfield code="q">set : alk. paper</subfield></datafield><datafield ind1=" " ind2=" " tag="020"><subfield code="a">9780471678014</subfield><subfield code="q">v. 3 : alk. paper</subfield></datafield><datafield ind1=" " ind2=" " tag="020"><subfield code="a">0471678023</subfield><subfield code="q">set</subfield></datafield><datafield ind1=" " ind2=" " tag="020"><subfield code="a">0471677981</subfield><subfield code="q">vol. 1</subfield></datafield><datafield ind1=" " ind2=" " tag="020"><subfield code="a">047167799X</subfield><subfield code="q">vol. 2</subfield></datafield><datafield ind1=" " ind2=" " tag="020"><subfield code="a">0471678015</subfield><subfield code="q">vol. 3</subfield></datafield><datafield ind1=" " ind2=" " tag="035"><subfield code="a">(swissbib)215865561-41slsp_network</subfield></datafield><datafield ind1=" " ind2=" " tag="035"><subfield code="a">215865561</subfield><subfield code="9">ExL</subfield></datafield><datafield ind1=" " ind2=" " tag="035"><subfield code="a">(RERO)R005182955-41slsp</subfield></datafield><datafield ind1=" " ind2=" " tag="035"><subfield code="a">(IDSLU)000536006ILU01</subfield></datafield><datafield ind1=" " ind2=" " tag="035"><subfield code="a">(EXLNZ-41SLSP_NETWORK)991115604979705501</subfield></datafield><datafield ind1=" " ind2=" " tag="040"><subfield code="a">DLC</subfield><subfield code="d">CH-ZuSLS</subfield></datafield><datafield ind1="0" ind2="0" tag="050"><subfield code="a">LC4007 $b.E53 2007</subfield></datafield><datafield ind1="0" ind2="0" tag="060"><subfield code="a">2008 F-843</subfield></datafield><datafield ind1="1" ind2="0" tag="060"><subfield code="a">LC 4007</subfield><subfield code="b">E561 2007</subfield></datafield><datafield ind1=" " ind2="7" tag="072"><subfield code="a">pe</subfield><subfield code="2">rero</subfield></datafield><datafield ind1=" " ind2="7" tag="072"><subfield code="a">220</subfield><subfield code="2">IDS LU</subfield></datafield><datafield ind1="0" ind2="0" tag="082"><subfield code="a">371.903</subfield><subfield code="2">22</subfield></datafield><datafield ind1=" " ind2=" " tag="084"><subfield code="a">DT 1000</subfield><subfield code="2">rvk</subfield></datafield><datafield ind1="0" ind2="0" tag="245"><subfield code="a">Encyclopedia of special education</subfield><subfield code="b">a reference for the education of children, adolescents, and adults with disabilities and other exceptional individuals</subfield><subfield code="c">edited by Cecil R. Reynolds, Elaine Fletcher-Janzen</subfield></datafield><datafield ind1="1" ind2="0" tag="246"><subfield code="a">Special education</subfield></datafield><datafield ind1=" " ind2=" " tag="250"><subfield code="a">3rd ed.</subfield></datafield><datafield ind1=" " ind2="1" tag="264"><subfield code="a">Hoboken, N.J.</subfield><subfield code="b">John Wiley &amp; Sons</subfield><subfield code="c">[2007]</subfield></datafield><datafield ind1=" " ind2="4" tag="264"><subfield code="c">© 2007</subfield></datafield><datafield ind1=" " ind2=" " tag="300"><subfield code="a">3 v. (xxvii, 2186 p.)</subfield><subfield code="b">ill., ports.</subfield><subfield code="c">29 cm</subfield></datafield><datafield ind1=" " ind2=" " tag="336"><subfield code="b">txt</subfield><subfield code="2">rdacontent</subfield></datafield><datafield ind1=" " ind2=" " tag="337"><subfield code="b">n</subfield><subfield code="2">rdamedia</subfield></datafield><datafield ind1=" " ind2=" " tag="338"><subfield code="b">nc</subfield><subfield code="2">rdacarrier</subfield></datafield><datafield ind1=" " ind2=" " tag="504"><subfield code="a">Includes bibliographical references</subfield></datafield><datafield ind1="0" ind2=" " tag="505"><subfield code="a">v. 1. A-D -- v. 2. E-O -- v. 3. P-Z</subfield></datafield><datafield ind1=" " ind2="2" tag="650"><subfield code="a">Disabled Children</subfield><subfield code="x">education</subfield></datafield><datafield ind1=" " ind2="2" tag="650"><subfield code="a">Education, Special</subfield></datafield><datafield ind1=" " ind2="2" tag="650"><subfield code="a">Disabled Persons</subfield><subfield code="x">education</subfield></datafield><datafield ind1=" " ind2="7" tag="650"><subfield code="a">pédagogie curative</subfield><subfield code="0">(RERO)A009953465</subfield><subfield code="2">rerovoc</subfield></datafield><datafield ind1=" " ind2="7" tag="650"><subfield code="a">Éducation spéciale</subfield><subfield code="0">(IDREF)04865163X</subfield><subfield code="2">idref</subfield></datafield><datafield ind1=" " ind2="7" tag="650"><subfield code="a">Sonderpädagogik</subfield><subfield code="0">(DE-588)4077513-6</subfield><subfield code="2">gnd</subfield></datafield><datafield ind1=" " ind2="2" tag="651"><subfield code="a">United States</subfield></datafield><datafield ind1=" " ind2="7" tag="655"><subfield code="a">Encyclopédies</subfield><subfield code="0">(IDREF)028638166</subfield><subfield code="2">idref</subfield></datafield><datafield ind1=" " ind2="7" tag="655"><subfield code="a">Wörterbuch</subfield><subfield code="2">gnd-content</subfield></datafield><datafield ind1="1" ind2=" " tag="700"><subfield code="a">Fletcher-Janzen, Elaine</subfield><subfield code="0">(IDREF)033186987</subfield></datafield><datafield ind1="1" ind2=" " tag="700"><subfield code="a">Reynolds, Cecil R.</subfield><subfield code="d">1952-....</subfield><subfield code="0">(IDREF)031526977</subfield></datafield><datafield ind1=" " ind2=" " tag="900"><subfield code="a">REROnoselfmerge</subfield></datafield></record>
</metadata></record>