<record><header><identifier>oai:alma.41SLSP_UGE:991000765059705502</identifier><datestamp>2023-03-01T01:09:58Z</datestamp><setSpec>uge_bcen_RapidILL_BOOK</setSpec><setSpec>uge_aaca_RapidILL_BOOK</setSpec><setSpec>uge_abels_RapidILL_BOOK</setSpec><setSpec>uge_dbu_RapidILL_BOOK</setSpec><setSpec>uge_cmu_RapidILL_BOOK</setSpec><setSpec>uge_mail_RapidILL_BOOK</setSpec><setSpec>UNIGE_ALL</setSpec><setSpec>uge_abbat_RapidILL_BOOK</setSpec><setSpec>uge_acar_RapidILL_BOOK</setSpec><setSpec>uge_aobs_RapidILL_BOOK</setSpec></header><metadata>
<record xmlns="http://www.loc.gov/MARC21/slim" xmlns:xsi="http://www.w3.org/2001/XMLSchema-instance" xsi:schemaLocation="http://www.loc.gov/MARC21/slim http://www.loc.gov/standards/marcxml/schema/MARC21slim.xsd"><leader>02518nam a2200697 c 4500</leader><controlfield tag="001">991000765059705502</controlfield><controlfield tag="005">20230208202812.0</controlfield><controlfield tag="008">201011s2001    be ||||| |||| 00| ||eng d</controlfield><datafield ind1=" " ind2=" " tag="020"><subfield code="a">9042910259</subfield></datafield><datafield ind1=" " ind2=" " tag="035"><subfield code="a">(swissbib)212403702-41slsp_network</subfield></datafield><datafield ind1=" " ind2=" " tag="035"><subfield code="a">212403702</subfield><subfield code="9">ExL</subfield></datafield><datafield ind1=" " ind2=" " tag="035"><subfield code="a">(RERO)R003118893-41slsp</subfield></datafield><datafield ind1=" " ind2=" " tag="035"><subfield code="a">(NEBIS)004250820EBI01</subfield></datafield><datafield ind1=" " ind2=" " tag="035"><subfield code="a">(IDSLU)000223748ILU01</subfield></datafield><datafield ind1=" " ind2=" " tag="035"><subfield code="a">(IDSBB)002410268DSV01</subfield></datafield><datafield ind1=" " ind2=" " tag="035"><subfield code="a">(EXLNZ-41SLSP_NETWORK)991112300899705501</subfield></datafield><datafield ind1=" " ind2=" " tag="040"><subfield code="a">RERO geuth-</subfield><subfield code="d">CH-ZuSLS</subfield></datafield><datafield ind1="0" ind2=" " tag="041"><subfield code="a">eng</subfield><subfield code="a">fre</subfield><subfield code="a">ger</subfield></datafield><datafield ind1=" " ind2="7" tag="072"><subfield code="a">th</subfield><subfield code="2">rero</subfield></datafield><datafield ind1=" " ind2="7" tag="072"><subfield code="a">760</subfield><subfield code="2">IDS LU</subfield></datafield><datafield ind1=" " ind2="7" tag="072"><subfield code="a">th</subfield><subfield code="2">SzZuIDS BS/BE</subfield></datafield><datafield ind1="0" ind2="0" tag="082"><subfield code="a">291.3/8/082</subfield><subfield code="2">21</subfield></datafield><datafield ind1="0" ind2="4" tag="082"><subfield code="a">291.3 8 082</subfield><subfield code="2">21</subfield></datafield><datafield ind1="0" ind2="4" tag="082"><subfield code="a">291.3</subfield><subfield code="2">21</subfield></datafield><datafield ind1=" " ind2=" " tag="084"><subfield code="a">12</subfield><subfield code="2">sdnb</subfield></datafield><datafield ind1=" " ind2=" " tag="084"><subfield code="a">BL 1790</subfield><subfield code="2">rvk</subfield></datafield><datafield ind1=" " ind2=" " tag="084"><subfield code="a">BS 1125</subfield><subfield code="2">rvk</subfield></datafield><datafield ind1="0" ind2="0" tag="245"><subfield code="a">Women, ritual and liturgy</subfield><subfield code="b">= Ritual und Liturgie von Frauen = Femmes, la liturgie et le rituel</subfield><subfield code="c">ed.: Susan K. Roll</subfield></datafield><datafield ind1="1" ind2=" " tag="246"><subfield code="a">Ritual und Liturgie von Frauen</subfield></datafield><datafield ind1="1" ind2=" " tag="246"><subfield code="a">Femmes, la liturgie et le rituel</subfield></datafield><datafield ind1=" " ind2="1" tag="264"><subfield code="a">Leuven</subfield><subfield code="b">Peeters</subfield><subfield code="c">2001</subfield></datafield><datafield ind1=" " ind2=" " tag="300"><subfield code="a">312 p.</subfield><subfield code="c">21 cm</subfield></datafield><datafield ind1=" " ind2=" " tag="336"><subfield code="b">txt</subfield><subfield code="2">rdacontent</subfield></datafield><datafield ind1=" " ind2=" " tag="337"><subfield code="b">n</subfield><subfield code="2">rdamedia</subfield></datafield><datafield ind1=" " ind2=" " tag="338"><subfield code="b">nc</subfield><subfield code="2">rdacarrier</subfield></datafield><datafield ind1="1" ind2=" " tag="490"><subfield code="a">Yearbook of the European Society of Women in Theological Research</subfield><subfield code="v">vol. 9</subfield></datafield><datafield ind1="1" ind2=" " tag="490"><subfield code="a">Jahrbuch der Europäischen Gesellschaft für die Theologische Forschung von Frauen</subfield><subfield code="v">vol. 9</subfield></datafield><datafield ind1=" " ind2=" " tag="500"><subfield code="a">Beiträge engl., deutsch oder franz.</subfield></datafield><datafield ind1=" " ind2=" " tag="500"><subfield code="a">Engl., franz. und dt. Beiträge</subfield></datafield><datafield ind1=" " ind2="0" tag="650"><subfield code="a">Feminist theology</subfield></datafield><datafield ind1=" " ind2="7" tag="650"><subfield code="a">Liturgie</subfield><subfield code="0">(IDREF)027268349</subfield><subfield code="2">idref</subfield></datafield><datafield ind1=" " ind2="7" tag="650"><subfield code="a">Femmes</subfield><subfield code="0">(IDREF)027537242</subfield><subfield code="2">idref</subfield></datafield><datafield ind1=" " ind2="7" tag="650"><subfield code="a">Frau</subfield><subfield code="2">idszbz</subfield></datafield><datafield ind1=" " ind2="7" tag="650"><subfield code="a">Liturgie</subfield><subfield code="2">idszbz</subfield></datafield><datafield ind1=" " ind2="7" tag="650"><subfield code="a">Ritus</subfield><subfield code="2">idszbz</subfield></datafield><datafield ind1=" " ind2="7" tag="650"><subfield code="a">Ritus</subfield><subfield code="0">(DE-588)4124068-6</subfield><subfield code="2">gnd</subfield></datafield><datafield ind1=" " ind2="0" tag="650"><subfield code="a">Liturgics</subfield></datafield><datafield ind1=" " ind2="0" tag="650"><subfield code="a">Ritual</subfield></datafield><datafield ind1=" " ind2="0" tag="650"><subfield code="a">Women and religion</subfield></datafield><datafield ind1=" " ind2="0" tag="650"><subfield code="a">Women in public worship</subfield></datafield><datafield ind1=" " ind2="7" tag="650"><subfield code="a">Frau</subfield><subfield code="0">(DE-588)4018202-2</subfield><subfield code="2">gnd</subfield></datafield><datafield ind1=" " ind2="7" tag="650"><subfield code="a">Liturgie</subfield><subfield code="0">(DE-588)4036050-7</subfield><subfield code="2">gnd</subfield></datafield><datafield ind1=" " ind2="7" tag="650"><subfield code="a">Liturgie</subfield><subfield code="x">Frau</subfield><subfield code="2">idsbb</subfield></datafield><datafield ind1=" " ind2="7" tag="650"><subfield code="a">Frau</subfield><subfield code="x">Liturgie</subfield><subfield code="2">idsbb</subfield></datafield><datafield ind1=" " ind2="7" tag="655"><subfield code="a">[Études diverses]</subfield><subfield code="0">(RERO)A022249905</subfield><subfield code="2">rero</subfield></datafield><datafield ind1=" " ind2="7" tag="655"><subfield code="a">Aufsatzsammlung</subfield><subfield code="2">idszbz</subfield></datafield><datafield ind1=" " ind2="7" tag="655"><subfield code="a">Aufsatzsammlung</subfield><subfield code="2">gnd-content</subfield></datafield><datafield ind1="1" ind2=" " tag="700"><subfield code="a">Roll, Susan K.</subfield><subfield code="d">1952-....</subfield><subfield code="0">(IDREF)061102075</subfield></datafield><datafield ind1=" " ind2=" " tag="830"><subfield code="a">Yearbook of the European Society of Women in Theological Research</subfield><subfield code="v">9</subfield><subfield code="w">(IDSBB)001007077DSV01</subfield></datafield><datafield ind1=" " ind2=" " tag="830"><subfield code="a">Journal of the European Society of Women in Theological Research</subfield><subfield code="v">9</subfield><subfield code="w">(IDSLU)000162778ILU01</subfield></datafield><datafield ind1=" " ind2=" " tag="900"><subfield code="a">REROnoselfmerge</subfield></datafield><datafield ind1=" " ind2=" " tag="900"><subfield code="a">IDSZ2zbzmon200201i</subfield><subfield code="c">IDSZ2haab</subfield><subfield code="d">IDSZ2zbzswk200204b</subfield><subfield code="e">IDSZ2haag</subfield></datafield></record>
</metadata></record>