<record><header><identifier>oai:alma.41SLSP_UGE:991000765379705502</identifier><datestamp>2023-03-01T01:09:58Z</datestamp><setSpec>uge_bcen_RapidILL_BOOK</setSpec><setSpec>uge_aaca_RapidILL_BOOK</setSpec><setSpec>uge_abels_RapidILL_BOOK</setSpec><setSpec>uge_dbu_RapidILL_BOOK</setSpec><setSpec>uge_cmu_RapidILL_BOOK</setSpec><setSpec>uge_mail_RapidILL_BOOK</setSpec><setSpec>uge_abbat_RapidILL_BOOK</setSpec><setSpec>UNIGE_ALL</setSpec><setSpec>uge_acar_RapidILL_BOOK</setSpec><setSpec>uge_aobs_RapidILL_BOOK</setSpec></header><metadata>
<record xmlns="http://www.loc.gov/MARC21/slim" xmlns:xsi="http://www.w3.org/2001/XMLSchema-instance" xsi:schemaLocation="http://www.loc.gov/MARC21/slim http://www.loc.gov/standards/marcxml/schema/MARC21slim.xsd"><leader>02858nam a2200781 c 4500</leader><controlfield tag="001">991000765379705502</controlfield><controlfield tag="005">20230228192740.0</controlfield><controlfield tag="008">201012s1999    xxk||||| |||| 00| ||eng d</controlfield><datafield ind1=" " ind2=" " tag="020"><subfield code="a">0198152493</subfield></datafield><datafield ind1="7" ind2=" " tag="024"><subfield code="a">http://catalogue.bnf.fr/ark:/12148/cb43669846v</subfield><subfield code="2">uri</subfield></datafield><datafield ind1=" " ind2=" " tag="035"><subfield code="a">(swissbib)241153050-41slsp_network</subfield></datafield><datafield ind1=" " ind2=" " tag="035"><subfield code="a">241153050</subfield><subfield code="9">ExL</subfield></datafield><datafield ind1=" " ind2=" " tag="035"><subfield code="a">(RERO)R252262160-41slsp</subfield></datafield><datafield ind1=" " ind2=" " tag="035"><subfield code="a">(IDSBB)001646658DSV01</subfield></datafield><datafield ind1=" " ind2=" " tag="035"><subfield code="a">(IDSLU)000192662ILU01</subfield></datafield><datafield ind1=" " ind2=" " tag="035"><subfield code="a">(NEBIS)001934558EBI01</subfield></datafield><datafield ind1=" " ind2=" " tag="035"><subfield code="a">(EXLNZ-41SLSP_NETWORK)991016001649705501</subfield></datafield><datafield ind1=" " ind2=" " tag="040"><subfield code="a">RERO frbcuc</subfield><subfield code="d">CH-ZuSLS</subfield></datafield><datafield ind1="0" ind2=" " tag="041"><subfield code="a">eng</subfield><subfield code="a">grc</subfield></datafield><datafield ind1=" " ind2="7" tag="072"><subfield code="a">gr</subfield><subfield code="2">rero</subfield></datafield><datafield ind1=" " ind2="7" tag="072"><subfield code="a">kp</subfield><subfield code="2">SzZuIDS BS/BE</subfield></datafield><datafield ind1=" " ind2="7" tag="072"><subfield code="a">570</subfield><subfield code="2">IDS LU</subfield></datafield><datafield ind1="1" ind2=" " tag="080"><subfield code="a">875ARISTOPC8</subfield></datafield><datafield ind1="0" ind2="0" tag="082"><subfield code="a">882/.01</subfield><subfield code="2">21</subfield></datafield><datafield ind1=" " ind2=" " tag="084"><subfield code="a">FH 26580</subfield><subfield code="2">rvk</subfield></datafield><datafield ind1="1" ind2=" " tag="100"><subfield code="a">Colvin, Stephen</subfield><subfield code="0">(IDREF)080305113</subfield><subfield code="4">cre</subfield></datafield><datafield ind1="1" ind2="0" tag="245"><subfield code="a">Dialect in Aristophanes</subfield><subfield code="b">and the politics of language in ancient Greek literature</subfield><subfield code="c">Stephen Colvin</subfield></datafield><datafield ind1=" " ind2="1" tag="264"><subfield code="a">Oxford</subfield><subfield code="b">Clarendon Press</subfield><subfield code="c">1999</subfield></datafield><datafield ind1=" " ind2=" " tag="300"><subfield code="a">XII, 347 p.</subfield><subfield code="c">23 cm</subfield></datafield><datafield ind1=" " ind2=" " tag="336"><subfield code="b">txt</subfield><subfield code="2">rdacontent</subfield></datafield><datafield ind1=" " ind2=" " tag="337"><subfield code="b">n</subfield><subfield code="2">rdamedia</subfield></datafield><datafield ind1=" " ind2=" " tag="338"><subfield code="b">nc</subfield><subfield code="2">rdacarrier</subfield></datafield><datafield ind1="1" ind2=" " tag="490"><subfield code="a">Oxford classical monographs</subfield></datafield><datafield ind1=" " ind2=" " tag="504"><subfield code="a">Literaturverz.</subfield></datafield><datafield ind1="0" ind2="7" tag="600"><subfield code="a">Aristophane</subfield><subfield code="d">0445?-0386? av. J.-C.</subfield><subfield code="0">(IDREF)026690268</subfield><subfield code="2">idref</subfield></datafield><datafield ind1="0" ind2="7" tag="600"><subfield code="a">Aristophanes</subfield><subfield code="x">Sprache und Stil</subfield><subfield code="2">idsbb</subfield></datafield><datafield ind1="0" ind2="7" tag="600"><subfield code="a">Aristophanes</subfield><subfield code="d">v445-v385</subfield><subfield code="0">(DE-588)118503987</subfield><subfield code="2">gnd</subfield></datafield><datafield ind1="0" ind2="0" tag="600"><subfield code="a">Aristophanes</subfield><subfield code="x">Language</subfield></datafield><datafield ind1="0" ind2="0" tag="600"><subfield code="6">880-01</subfield><subfield code="a">Aristophanes</subfield><subfield code="x">Language</subfield></datafield><datafield ind1=" " ind2="7" tag="650"><subfield code="a">Culture</subfield><subfield code="0">(IDREF)027231429</subfield><subfield code="2">idref</subfield></datafield><datafield ind1=" " ind2="7" tag="650"><subfield code="a">Dialectes</subfield><subfield code="0">(IDREF)028627237</subfield><subfield code="2">idref</subfield></datafield><datafield ind1=" " ind2="7" tag="650"><subfield code="a">Grec (langue)</subfield><subfield code="0">(IDREF)027228363</subfield><subfield code="2">idref</subfield></datafield><datafield ind1=" " ind2="7" tag="650"><subfield code="a">Comédie</subfield><subfield code="0">(IDREF)027230457</subfield><subfield code="2">idref</subfield></datafield><datafield ind1=" " ind2="7" tag="650"><subfield code="a">Langues vivantes</subfield><subfield code="0">(IDREF)027343553</subfield><subfield code="2">idref</subfield></datafield><datafield ind1=" " ind2="7" tag="650"><subfield code="a">Comédie grecque</subfield><subfield code="0">(IDREF)028243609</subfield><subfield code="2">idref</subfield></datafield><datafield ind1=" " ind2="7" tag="650"><subfield code="a">Littérature grecque</subfield><subfield code="0">(IDREF)02723696X</subfield><subfield code="2">idref</subfield></datafield><datafield ind1=" " ind2="7" tag="650"><subfield code="a">Komödie</subfield><subfield code="z">griechische</subfield><subfield code="x">Sprache und Stil</subfield><subfield code="2">idsbb</subfield></datafield><datafield ind1=" " ind2="7" tag="650"><subfield code="a">Mundart</subfield><subfield code="0">(DE-588)4040725-1</subfield><subfield code="2">gnd</subfield></datafield><datafield ind1=" " ind2="7" tag="650"><subfield code="a">Griechisch</subfield><subfield code="0">(DE-588)4113791-7</subfield><subfield code="2">gnd</subfield></datafield><datafield ind1=" " ind2="7" tag="650"><subfield code="a">Literatur</subfield><subfield code="0">(DE-588)4035964-5</subfield><subfield code="2">gnd</subfield></datafield><datafield ind1=" " ind2="7" tag="650"><subfield code="a">Komödie</subfield><subfield code="0">(DE-588)4031952-0</subfield><subfield code="2">gnd</subfield></datafield><datafield ind1=" " ind2="7" tag="650"><subfield code="a">Komödie</subfield><subfield code="2">idszbz</subfield></datafield><datafield ind1=" " ind2="7" tag="650"><subfield code="a">Soziolinguistik</subfield><subfield code="2">idszbz</subfield></datafield><datafield ind1=" " ind2="7" tag="650"><subfield code="a">Mundart</subfield><subfield code="2">idszbz</subfield></datafield><datafield ind1=" " ind2="7" tag="650"><subfield code="a">Griechisch</subfield><subfield code="2">idszbz</subfield></datafield><datafield ind1=" " ind2="0" tag="650"><subfield code="a">Drama</subfield></datafield><datafield ind1=" " ind2="0" tag="650"><subfield code="a">Drama</subfield><subfield code="x">Technique</subfield></datafield><datafield ind1=" " ind2="0" tag="650"><subfield code="a">Greek drama (Comedy)</subfield></datafield><datafield ind1=" " ind2="0" tag="650"><subfield code="a">Greek drama (Comedy)</subfield><subfield code="x">History and criticism</subfield></datafield><datafield ind1=" " ind2="0" tag="650"><subfield code="a">Greek language</subfield></datafield><datafield ind1=" " ind2="0" tag="650"><subfield code="a">Greek language</subfield><subfield code="x">Dialects</subfield></datafield><datafield ind1=" " ind2="0" tag="650"><subfield code="a">Greek language</subfield><subfield code="x">Political aspects</subfield><subfield code="z">Greece</subfield></datafield><datafield ind1=" " ind2="0" tag="650"><subfield code="a">Language and culture</subfield></datafield><datafield ind1=" " ind2="0" tag="650"><subfield code="a">Language and culture</subfield><subfield code="z">Greece</subfield></datafield><datafield ind1=" " ind2="0" tag="650"><subfield code="a">Rhetoric, Ancient</subfield></datafield><datafield ind1=" " ind2=" " tag="690"><subfield code="a">Literatur, griechisch-klassische, B: Komödie: Sprache: Dialekt</subfield><subfield code="2">rzs-L1</subfield></datafield><datafield ind1=" " ind2=" " tag="690"><subfield code="a">Komödie, griechisch-klassische, B: Komödie: Sprache: Dialekt</subfield><subfield code="2">rzs-L1</subfield></datafield><datafield ind1=" " ind2=" " tag="830"><subfield code="a">Oxford classical monographs</subfield><subfield code="w">(RERO)1089621-41slsp</subfield></datafield><datafield ind1=" " ind2=" " tag="900"><subfield code="a">REROnoselfmerge</subfield></datafield></record>
</metadata></record>