<record><header><identifier>oai:alma.41SLSP_UGE:991000765169705502</identifier><datestamp>2024-03-15T01:23:04Z</datestamp><setSpec>uge_bcen_RapidILL_BOOK</setSpec><setSpec>uge_aaca_RapidILL_BOOK</setSpec><setSpec>uge_abels_RapidILL_BOOK</setSpec><setSpec>uge_dbu_RapidILL_BOOK</setSpec><setSpec>uge_cmu_RapidILL_BOOK</setSpec><setSpec>uge_mail_RapidILL_BOOK</setSpec><setSpec>uge_abbat_RapidILL_BOOK</setSpec><setSpec>UNIGE_ALL</setSpec><setSpec>uge_acar_RapidILL_BOOK</setSpec><setSpec>uge_aobs_RapidILL_BOOK</setSpec></header><metadata>
<record xmlns="http://www.loc.gov/MARC21/slim" xmlns:xsi="http://www.w3.org/2001/XMLSchema-instance" xsi:schemaLocation="http://www.loc.gov/MARC21/slim http://www.loc.gov/standards/marcxml/schema/MARC21slim.xsd"><leader>00898nam a2200253uca4500</leader><controlfield tag="001">991000765169705502</controlfield><controlfield tag="005">20240314203425.0</controlfield><controlfield tag="008">201011m19201930it ||||| |||| 00| ||ita d</controlfield><datafield ind1=" " ind2=" " tag="019"><subfield code="a">Übergeordnete Aufnahme = Niveau supérieur = Livello superiore</subfield><subfield code="5">SLSP/2020</subfield></datafield><datafield ind1=" " ind2=" " tag="035"><subfield code="a">(swissbib)221420509-41slsp_network</subfield></datafield><datafield ind1=" " ind2=" " tag="035"><subfield code="a">221420509</subfield><subfield code="9">ExL</subfield></datafield><datafield ind1=" " ind2=" " tag="035"><subfield code="a">(IDSBB)001585939DSV01</subfield></datafield><datafield ind1=" " ind2=" " tag="035"><subfield code="a">(RERO)0565597-41slsp</subfield></datafield><datafield ind1=" " ind2=" " tag="035"><subfield code="a">(EXLNZ-41SLSP_NETWORK)991096957469705501</subfield></datafield><datafield ind1=" " ind2=" " tag="040"><subfield code="a">SzZuIDS BS/BE A100</subfield><subfield code="b">ger</subfield><subfield code="e">kids</subfield><subfield code="d">CH-ZuSLS</subfield></datafield><datafield ind1=" " ind2="7" tag="072"><subfield code="a">it</subfield><subfield code="2">rero</subfield></datafield><datafield ind1="1" ind2=" " tag="100"><subfield code="a">Pirandello, Luigi</subfield><subfield code="d">1867-1936</subfield><subfield code="0">(DE-588)118594567</subfield><subfield code="6">880-01</subfield></datafield><datafield ind1="1" ind2=" " tag="880"><subfield code="6">100-01</subfield><subfield code="a">Pirandello, Luigi</subfield><subfield code="d">1867-1936</subfield><subfield code="0">(IDREF)027074951</subfield><subfield code="4">cre</subfield></datafield><datafield ind1="1" ind2="0" tag="245"><subfield code="a">Maschere nude</subfield><subfield code="b">teatro</subfield><subfield code="c">di Luigi Pirandello</subfield></datafield><datafield ind1=" " ind2="1" tag="264"><subfield code="a">Firenze</subfield><subfield code="b">R. Bemporad</subfield><subfield code="c">[Zwischen 1920 bis 1930]</subfield></datafield><datafield ind1=" " ind2=" " tag="300"><subfield code="a">31 vol.</subfield><subfield code="c">19 cm</subfield></datafield><datafield ind1=" " ind2=" " tag="336"><subfield code="b">txt</subfield><subfield code="2">rdacontent</subfield></datafield><datafield ind1=" " ind2=" " tag="337"><subfield code="b">n</subfield><subfield code="2">rdamedia</subfield></datafield><datafield ind1=" " ind2=" " tag="338"><subfield code="b">nc</subfield><subfield code="2">rdacarrier</subfield></datafield><datafield ind1=" " ind2=" " tag="900"><subfield code="a">REROnoselfmerge</subfield></datafield></record>
</metadata></record>