<record><header><identifier>oai:alma.41SLSP_UGE:991000765419705502</identifier><datestamp>2023-06-20T00:21:51Z</datestamp><setSpec>uge_bcen_RapidILL_BOOK</setSpec><setSpec>uge_aaca_RapidILL_BOOK</setSpec><setSpec>uge_abels_RapidILL_BOOK</setSpec><setSpec>uge_dbu_RapidILL_BOOK</setSpec><setSpec>uge_cmu_RapidILL_BOOK</setSpec><setSpec>uge_mail_RapidILL_BOOK</setSpec><setSpec>uge_abbat_RapidILL_BOOK</setSpec><setSpec>UNIGE_ALL</setSpec><setSpec>uge_aobs_RapidILL_BOOK</setSpec><setSpec>uge_acar_RapidILL_BOOK</setSpec></header><metadata>
<record xmlns="http://www.loc.gov/MARC21/slim" xmlns:xsi="http://www.w3.org/2001/XMLSchema-instance" xsi:schemaLocation="http://www.loc.gov/MARC21/slim http://www.loc.gov/standards/marcxml/schema/MARC21slim.xsd"><leader>03973nam a2200613 c 4500</leader><controlfield tag="001">991000765419705502</controlfield><controlfield tag="005">20230619194124.0</controlfield><controlfield tag="008">201011s2017    nyu      b||| 001 0 eng| </controlfield><datafield ind1=" " ind2=" " tag="010"><subfield code="a">2016045375</subfield></datafield><datafield ind1=" " ind2=" " tag="020"><subfield code="a">1107153182</subfield><subfield code="q">hardback</subfield></datafield><datafield ind1=" " ind2=" " tag="020"><subfield code="a">9781107153189</subfield><subfield code="q">Hardback</subfield></datafield><datafield ind1="7" ind2=" " tag="024"><subfield code="a">http://catalogue.bnf.fr/ark:/12148/cb453529569</subfield><subfield code="2">uri</subfield></datafield><datafield ind1=" " ind2=" " tag="035"><subfield code="a">(swissbib)222176520-41slsp_network</subfield></datafield><datafield ind1=" " ind2=" " tag="035"><subfield code="a">222176520</subfield><subfield code="9">ExL</subfield></datafield><datafield ind1=" " ind2=" " tag="035"><subfield code="a">(NEBIS)010824305EBI01</subfield></datafield><datafield ind1=" " ind2=" " tag="035"><subfield code="a">(IDSBB)006685609DSV01</subfield></datafield><datafield ind1=" " ind2=" " tag="035"><subfield code="a">(RERO)R008616253-41slsp</subfield></datafield><datafield ind1=" " ind2=" " tag="035"><subfield code="a">(OCoLC)964379095</subfield></datafield><datafield ind1=" " ind2=" " tag="035"><subfield code="a">(EXLNZ-41SLSP_NETWORK)991082170909705501</subfield></datafield><datafield ind1=" " ind2=" " tag="040"><subfield code="a">DLC</subfield><subfield code="b">ger</subfield><subfield code="e">rda</subfield><subfield code="d">CH-ZuSLS</subfield></datafield><datafield ind1=" " ind2=" " tag="042"><subfield code="a">pcc</subfield></datafield><datafield ind1="0" ind2="0" tag="050"><subfield code="a">PR3592.L48</subfield><subfield code="b">C47 2017</subfield></datafield><datafield ind1=" " ind2="7" tag="072"><subfield code="a">an</subfield><subfield code="2">rero</subfield></datafield><datafield ind1="0" ind2="0" tag="082"><subfield code="a">821/.4</subfield><subfield code="2">23</subfield></datafield><datafield ind1="1" ind2="4" tag="082"><subfield code="a">820</subfield><subfield code="2">15</subfield></datafield><datafield ind1=" " ind2=" " tag="084"><subfield code="a">LIT004120</subfield><subfield code="2">bisacsh</subfield></datafield><datafield ind1=" " ind2=" " tag="084"><subfield code="a">HK 2575</subfield><subfield code="2">rvk</subfield></datafield><datafield ind1="1" ind2=" " tag="100"><subfield code="a">Chernaik, Warren L.</subfield><subfield code="d">1931-</subfield><subfield code="0">(DE-588)133727726</subfield><subfield code="4">aut</subfield><subfield code="6">880-01</subfield></datafield><datafield ind1="1" ind2=" " tag="880"><subfield code="6">100-01</subfield><subfield code="a">Chernaik, Warren Lewis</subfield><subfield code="d">1931-....</subfield><subfield code="0">(IDREF)034849467</subfield><subfield code="4">cre</subfield></datafield><datafield ind1="1" ind2="0" tag="245"><subfield code="a">Milton and the burden of freedom</subfield><subfield code="c">Warren Chernaik (University of London)</subfield></datafield><datafield ind1=" " ind2="1" tag="264"><subfield code="a">Cambridge, United Kingdom</subfield><subfield code="b">Cambridge University Press</subfield><subfield code="c">2017</subfield></datafield><datafield ind1=" " ind2=" " tag="300"><subfield code="a">ix, 274 Seiten</subfield></datafield><datafield ind1=" " ind2=" " tag="336"><subfield code="b">txt</subfield><subfield code="2">rdacontent</subfield></datafield><datafield ind1=" " ind2=" " tag="337"><subfield code="b">n</subfield><subfield code="2">rdamedia</subfield></datafield><datafield ind1=" " ind2=" " tag="338"><subfield code="b">nc</subfield><subfield code="2">rdacarrier</subfield></datafield><datafield ind1=" " ind2=" " tag="504"><subfield code="a">Includes bibliographical references and index</subfield></datafield><datafield ind1="0" ind2=" " tag="505"><subfield code="a">Machine generated contents note: Introduction. Free to fall: Milton and the Old Testament God ; 1. Milton's post-Calvinist theology ; 2. 'Providence their guide': providence in Milton ; 3. The unpolluted temple of the mind: virtue on trial ; 4. Classical and Biblical Republicanism: Milton and some contemporaries ; 5. Victory's crest: Milton, the English nation, and Cromwell ; 6. Monarchy and servitude: the politics of Paradise Lost ; 7. God's just yoke: power and justice in Paradise Lost ; 8. 'Tyrannie must be': Milton and the Restoration ; Postscript</subfield></datafield><datafield ind1="8" ind2=" " tag="520"><subfield code="a">&quot;Throughout his writings, Milton, deeply engaged in political and theological controversy, sought to clear a space for human freedom in a world ruled by an omniscient and omnipotent deity. Paradise Lost and Samson Agonistes, as well as other works by Milton in verse and prose, explore the problematical aspects of a universe ruled by an Old Testament God of wrath, demanding obedience, who allows his creatures the freedom to be 'authors' of their own fate. Milton and the Burden of Freedom examines the contradictions inherent in Milton's religious, political, and ethical beliefs as expressed in his poems, prose writings, and the treatise De Doctrina Christiana. Milton, whose writings are rooted in the Reformed tradition while challenging Calvinist orthodoxy, is both radical and conservative. In this book, Warren Chernaik traces the evolution of Milton's attitude towards freedom, servitude and virtue during a century of political upheaval and disappointed hopes&quot;-- Provided by publisher</subfield></datafield><datafield ind1="1" ind2="0" tag="600"><subfield code="a">Milton, John</subfield><subfield code="d">1608-1674</subfield><subfield code="x">Criticism and interpretation</subfield></datafield><datafield ind1="1" ind2="7" tag="600"><subfield code="a">Milton, John</subfield><subfield code="d">1608-1674</subfield><subfield code="0">(DE-588)118582607</subfield><subfield code="2">gnd</subfield></datafield><datafield ind1="1" ind2="7" tag="600"><subfield code="a">Milton, John</subfield><subfield code="d">1608-1674</subfield><subfield code="0">(IDREF)027030865</subfield><subfield code="2">idref</subfield></datafield><datafield ind1=" " ind2="0" tag="650"><subfield code="a">Liberty in literature</subfield></datafield><datafield ind1=" " ind2="7" tag="650"><subfield code="a">LITERARY CRITICISM / European / English, Irish, Scottish, Welsh</subfield><subfield code="2">bisacsh</subfield></datafield><datafield ind1=" " ind2="0" tag="650"><subfield code="a">Free will and determinism in literature</subfield></datafield><datafield ind1=" " ind2="7" tag="650"><subfield code="a">Freiheit</subfield><subfield code="g">Motiv</subfield><subfield code="0">(DE-588)4125079-5</subfield><subfield code="2">gnd</subfield></datafield><datafield ind1=" " ind2="7" tag="650"><subfield code="a">Willensfreiheit</subfield><subfield code="g">Motiv</subfield><subfield code="0">(DE-588)7724508-8</subfield><subfield code="2">gnd</subfield></datafield><datafield ind1=" " ind2="7" tag="650"><subfield code="a">Willensfreiheit</subfield><subfield code="0">(DE-588)4079320-5</subfield><subfield code="2">gnd</subfield></datafield><datafield ind1=" " ind2="7" tag="650"><subfield code="a">Prosa</subfield><subfield code="0">(DE-588)4047497-5</subfield><subfield code="2">gnd</subfield></datafield><datafield ind1=" " ind2="7" tag="650"><subfield code="a">Idées politiques</subfield><subfield code="0">(IDREF)027261891</subfield><subfield code="2">idref</subfield></datafield><datafield ind1=" " ind2="7" tag="650"><subfield code="a">Religion</subfield><subfield code="0">(IDREF)027636895</subfield><subfield code="2">idref</subfield></datafield><datafield ind1=" " ind2="7" tag="650"><subfield code="a">Liberté</subfield><subfield code="0">(IDREF)027236544</subfield><subfield code="2">idref</subfield></datafield><datafield ind1=" " ind2="7" tag="650"><subfield code="a">Poésie</subfield><subfield code="0">(IDREF)027247465</subfield><subfield code="2">idref</subfield></datafield><datafield ind1="4" ind2=" " tag="856"><subfield code="3">Titelblatt und Inhaltsverzeichnis</subfield><subfield code="u">https://toc.library.ethz.ch/objects/pdf03/z01_978-1-107-15318-9_01.pdf</subfield><subfield code="q">pdf</subfield></datafield><datafield ind1=" " ind2=" " tag="900"><subfield code="a">IDSZ2zbzmon201706f</subfield><subfield code="c">IDSZ2voge</subfield><subfield code="d">IDSZ2zbzswk201706g</subfield><subfield code="e">IDSZ2trun</subfield></datafield><datafield ind1=" " ind2=" " tag="949"><subfield code="a">https://toc.library.ethz.ch/objects/pdf03/z01_978-1-107-15318-9_01.pdf</subfield></datafield></record>
</metadata></record>