<record><header><identifier>oai:alma.41SLSP_UGE:991000765209705502</identifier><datestamp>2024-03-09T01:36:36Z</datestamp><setSpec>uge_bcen_RapidILL_BOOK</setSpec><setSpec>uge_aaca_RapidILL_BOOK</setSpec><setSpec>uge_abels_RapidILL_BOOK</setSpec><setSpec>uge_dbu_RapidILL_BOOK</setSpec><setSpec>uge_cmu_RapidILL_BOOK</setSpec><setSpec>uge_mail_RapidILL_BOOK</setSpec><setSpec>uge_abbat_RapidILL_BOOK</setSpec><setSpec>UNIGE_ALL</setSpec><setSpec>uge_acar_RapidILL_BOOK</setSpec><setSpec>uge_aobs_RapidILL_BOOK</setSpec></header><metadata>
<record xmlns="http://www.loc.gov/MARC21/slim" xmlns:xsi="http://www.w3.org/2001/XMLSchema-instance" xsi:schemaLocation="http://www.loc.gov/MARC21/slim http://www.loc.gov/standards/marcxml/schema/MARC21slim.xsd"><leader>01919nam a2200457 c 4500</leader><controlfield tag="001">991000765209705502</controlfield><controlfield tag="005">20240308035449.0</controlfield><controlfield tag="008">201012s1960    gw ||||| |||| 00| ||ger d</controlfield><datafield ind1=" " ind2=" " tag="019"><subfield code="a">RekatMedea: UKPHS keine Laufnummer vorhanden</subfield><subfield code="5">NEBIS/05.07.2005 Medea</subfield></datafield><datafield ind1=" " ind2=" " tag="035"><subfield code="a">(swissbib)234049294-41slsp_network</subfield></datafield><datafield ind1=" " ind2=" " tag="035"><subfield code="a">234049294</subfield><subfield code="9">ExL</subfield></datafield><datafield ind1=" " ind2=" " tag="035"><subfield code="a">(RERO)R003283562-41slsp</subfield></datafield><datafield ind1=" " ind2=" " tag="035"><subfield code="a">(IDSBB)004192231DSV01</subfield></datafield><datafield ind1=" " ind2=" " tag="035"><subfield code="a">(NEBIS)008947804EBI01</subfield></datafield><datafield ind1=" " ind2=" " tag="035"><subfield code="a">(ABN)000810919ABN01</subfield></datafield><datafield ind1=" " ind2=" " tag="035"><subfield code="a">(EXLNZ-41SLSP_NETWORK)991142320179705501</subfield></datafield><datafield ind1=" " ind2=" " tag="040"><subfield code="a">RERO geulsa</subfield><subfield code="d">CH-ZuSLS</subfield></datafield><datafield ind1="1" ind2=" " tag="041"><subfield code="a">ger</subfield><subfield code="h">eng</subfield></datafield><datafield ind1=" " ind2="7" tag="072"><subfield code="a">gr</subfield><subfield code="2">rero</subfield></datafield><datafield ind1="1" ind2=" " tag="100"><subfield code="a">Webster, Thomas Bertram Lonsdale</subfield><subfield code="d">1905-1974</subfield><subfield code="0">(IDREF)06689204X</subfield><subfield code="4">cre</subfield></datafield><datafield ind1="1" ind2="0" tag="245"><subfield code="a">Von Mykene bis Homer</subfield><subfield code="b">Anfänge griechischer Literatur und Kunst im Lichte von Linear B</subfield><subfield code="c">von T.B.L. Webster ; [Übersetzung von Ernst Doblhofer]</subfield></datafield><datafield ind1=" " ind2="1" tag="264"><subfield code="a">München [etc.]</subfield><subfield code="b">R. Oldenbourg Verlag</subfield><subfield code="c">1960</subfield></datafield><datafield ind1=" " ind2=" " tag="300"><subfield code="a">403 p., [25] p. de pl</subfield><subfield code="c">21 cm</subfield></datafield><datafield ind1=" " ind2=" " tag="336"><subfield code="b">txt</subfield><subfield code="2">rdacontent</subfield></datafield><datafield ind1=" " ind2=" " tag="337"><subfield code="b">n</subfield><subfield code="2">rdamedia</subfield></datafield><datafield ind1=" " ind2=" " tag="338"><subfield code="b">nc</subfield><subfield code="2">rdacarrier</subfield></datafield><datafield ind1=" " ind2=" " tag="500"><subfield code="a">Originaltitel: From Mycenae to Homer</subfield></datafield><datafield ind1=" " ind2=" " tag="500"><subfield code="a">Übersetzung unter Verwendung der Ergänzungen zur 2. engl. Aufl.</subfield></datafield><datafield ind1="0" ind2="7" tag="600"><subfield code="a">Homère</subfield><subfield code="d">08..?-08..? av. J.-C.</subfield><subfield code="0">(IDREF)026924005</subfield><subfield code="2">idref</subfield></datafield><datafield ind1=" " ind2="7" tag="648"><subfield code="a">Geschichte 1600 v. Chr.-700 v. Chr.</subfield><subfield code="2">gnd</subfield></datafield><datafield ind1=" " ind2="7" tag="650"><subfield code="a">Civilisation</subfield><subfield code="0">(IDREF)027784711</subfield><subfield code="2">idref</subfield></datafield><datafield ind1=" " ind2="7" tag="650"><subfield code="a">épique</subfield><subfield code="0">(RERO)A010079615</subfield><subfield code="2">rerovoc</subfield></datafield><datafield ind1=" " ind2="7" tag="650"><subfield code="a">1400 av. J.-C.-800 av. J.-C.</subfield><subfield code="2">idref</subfield></datafield><datafield ind1=" " ind2="7" tag="650"><subfield code="a">Art grec géométrique</subfield><subfield code="0">(IDREF)030224233</subfield><subfield code="2">idref</subfield></datafield><datafield ind1=" " ind2="7" tag="650"><subfield code="a">Civilisation mycénienne</subfield><subfield code="0">(IDREF)027554686</subfield><subfield code="2">idref</subfield></datafield><datafield ind1=" " ind2="7" tag="650"><subfield code="a">Künste</subfield><subfield code="0">(DE-588)4033422-3</subfield><subfield code="2">gnd</subfield></datafield><datafield ind1=" " ind2="7" tag="650"><subfield code="a">Kultur</subfield><subfield code="0">(DE-588)4125698-0</subfield><subfield code="2">gnd</subfield></datafield><datafield ind1=" " ind2="7" tag="651"><subfield code="a">Mycènes (ville ancienne)</subfield><subfield code="0">(IDREF)027401219</subfield><subfield code="2">idref</subfield></datafield><datafield ind1=" " ind2="7" tag="651"><subfield code="a">Griechenland</subfield><subfield code="g">Altertum</subfield><subfield code="0">(DE-588)4093976-5</subfield><subfield code="2">gnd</subfield></datafield><datafield ind1="1" ind2=" " tag="700"><subfield code="a">Doblhofer, Ernst</subfield><subfield code="d">1919-....</subfield><subfield code="0">(IDREF)029314496</subfield></datafield><datafield ind1=" " ind2=" " tag="900"><subfield code="a">REROnoselfmerge</subfield></datafield><datafield ind1=" " ind2=" " tag="900"><subfield code="f">IDSU2medea</subfield><subfield code="a">IDSU2remark</subfield></datafield></record>
</metadata></record>