<record><header><identifier>oai:alma.41SLSP_UGE:991000764999705502</identifier><datestamp>2023-04-10T00:16:13Z</datestamp><setSpec>uge_bcen_RapidILL_BOOK</setSpec><setSpec>uge_aaca_RapidILL_BOOK</setSpec><setSpec>uge_abels_RapidILL_BOOK</setSpec><setSpec>uge_dbu_RapidILL_BOOK</setSpec><setSpec>uge_cmu_RapidILL_BOOK</setSpec><setSpec>uge_mail_RapidILL_BOOK</setSpec><setSpec>uge_abbat_RapidILL_BOOK</setSpec><setSpec>UNIGE_ALL</setSpec><setSpec>uge_acar_RapidILL_BOOK</setSpec><setSpec>uge_aobs_RapidILL_BOOK</setSpec></header><metadata>
<record xmlns="http://www.loc.gov/MARC21/slim" xmlns:xsi="http://www.w3.org/2001/XMLSchema-instance" xsi:schemaLocation="http://www.loc.gov/MARC21/slim http://www.loc.gov/standards/marcxml/schema/MARC21slim.xsd"><leader>02511nam a2200493 c 4500</leader><controlfield tag="001">991000764999705502</controlfield><controlfield tag="005">20230409190615.0</controlfield><controlfield tag="008">201012t19941994gw ||||| |||| 10| ||eng d</controlfield><datafield ind1=" " ind2=" " tag="020"><subfield code="a">0387578676</subfield><subfield code="q">New York</subfield></datafield><datafield ind1=" " ind2=" " tag="020"><subfield code="a">3540578676</subfield><subfield code="q">Springer Berlin</subfield></datafield><datafield ind1=" " ind2=" " tag="035"><subfield code="a">(swissbib)239368797-41slsp_network</subfield></datafield><datafield ind1=" " ind2=" " tag="035"><subfield code="a">239368797</subfield><subfield code="9">ExL</subfield></datafield><datafield ind1=" " ind2=" " tag="035"><subfield code="a">(RERO)1857836-41slsp</subfield></datafield><datafield ind1=" " ind2=" " tag="035"><subfield code="a">(NEBIS)000945608EBI01</subfield></datafield><datafield ind1=" " ind2=" " tag="035"><subfield code="a">(EXLNZ-41SLSP_NETWORK)991155488519705501</subfield></datafield><datafield ind1=" " ind2=" " tag="040"><subfield code="a">RERO geucui</subfield><subfield code="d">CH-ZuSLS</subfield></datafield><datafield ind1=" " ind2="7" tag="072"><subfield code="a">in</subfield><subfield code="2">rero</subfield></datafield><datafield ind1="0" ind2="0" tag="245"><subfield code="a">Recent trends in data type specification</subfield><subfield code="b">9th workshop on specification of abstract data types joint with the 4th COMPASS workshop, Caldes de Malavella, Spain, October 26-30, 1992 : selected papers</subfield><subfield code="c">Hartmut Ehrig, Fernando Orejas, (eds.)</subfield></datafield><datafield ind1="1" ind2=" " tag="246"><subfield code="a">Specification of abstract data types</subfield></datafield><datafield ind1="1" ind2=" " tag="246"><subfield code="a">COMPASS</subfield></datafield><datafield ind1=" " ind2="1" tag="264"><subfield code="a">Berlin [etc.]</subfield><subfield code="b">Springer</subfield><subfield code="c">[1994]</subfield></datafield><datafield ind1=" " ind2="4" tag="264"><subfield code="c">© 1994</subfield></datafield><datafield ind1=" " ind2=" " tag="300"><subfield code="a">VIII, 350 p.</subfield><subfield code="b">ill.</subfield><subfield code="c">25 cm</subfield></datafield><datafield ind1=" " ind2=" " tag="336"><subfield code="b">txt</subfield><subfield code="2">rdacontent</subfield></datafield><datafield ind1=" " ind2=" " tag="337"><subfield code="b">n</subfield><subfield code="2">rdamedia</subfield></datafield><datafield ind1=" " ind2=" " tag="338"><subfield code="b">nc</subfield><subfield code="2">rdacarrier</subfield></datafield><datafield ind1="1" ind2=" " tag="490"><subfield code="a">Lecture notes in computer science</subfield><subfield code="v">785</subfield></datafield><datafield ind1=" " ind2="7" tag="650"><subfield code="a">Types abstraits de données (informatique)</subfield><subfield code="0">(IDREF)029927447</subfield><subfield code="2">idref</subfield></datafield><datafield ind1=" " ind2="7" tag="650"><subfield code="a">ABSTRAKTE DATENTYPEN (PROGRAMMIERSPRACHEN)</subfield><subfield code="9">ger</subfield><subfield code="0">(ETHUDK)000013730</subfield><subfield code="2">ethudk</subfield></datafield><datafield ind1=" " ind2="7" tag="650"><subfield code="a">ALGEBRAISCHE SPEZIFIKATION (THEORIE DER PROGRAMMIERUNG)</subfield><subfield code="9">ger</subfield><subfield code="0">(ETHUDK)000046086</subfield><subfield code="2">ethudk</subfield></datafield><datafield ind1=" " ind2="7" tag="650"><subfield code="a">OBJEKTORIENTIERTE PROGRAMMIERUNG (PROGRAMMIERMETHODEN)</subfield><subfield code="9">ger</subfield><subfield code="0">(ETHUDK)000039304</subfield><subfield code="2">ethudk</subfield></datafield><datafield ind1=" " ind2="7" tag="650"><subfield code="a">PARALLELVERARBEITUNG + NEBENLÄUFIGKEIT (BETRIEBSSYSTEME)</subfield><subfield code="9">ger</subfield><subfield code="0">(ETHUDK)000013755</subfield><subfield code="2">ethudk</subfield></datafield><datafield ind1=" " ind2="7" tag="650"><subfield code="a">PRODUKTIONEN (THEORIE DER PROGRAMMIERUNG)</subfield><subfield code="9">ger</subfield><subfield code="0">(ETHUDK)000013824</subfield><subfield code="2">ethudk</subfield></datafield><datafield ind1=" " ind2="7" tag="650"><subfield code="a">SOFTWARE ENGINEERING</subfield><subfield code="9">ger</subfield><subfield code="0">(ETHUDK)000043018</subfield><subfield code="2">ethudk</subfield></datafield><datafield ind1=" " ind2="7" tag="655"><subfield code="a">Actes de congrès</subfield><subfield code="0">(IDREF)02886431X</subfield><subfield code="2">idref</subfield></datafield><datafield ind1=" " ind2="7" tag="655"><subfield code="a">Konferenzschrift</subfield><subfield code="z">Caldes de Malavella</subfield><subfield code="y">1992/10</subfield><subfield code="2">gnd-content</subfield></datafield><datafield ind1=" " ind2=" " tag="690"><subfield code="a">D.2</subfield><subfield code="d">SOFTWARE ENGINEERING</subfield><subfield code="2">uzb-UM</subfield></datafield><datafield ind1="1" ind2=" " tag="700"><subfield code="a">Ehrig, Hartmut</subfield><subfield code="d">1944-2016</subfield><subfield code="0">(DE-588)107905582</subfield><subfield code="6">880-02</subfield></datafield><datafield ind1="1" ind2=" " tag="880"><subfield code="6">700-02</subfield><subfield code="a">Ehrig, Hartmut</subfield><subfield code="d">1944-....</subfield><subfield code="0">(IDREF)080450857</subfield><subfield code="4">edt</subfield></datafield><datafield ind1="2" ind2=" " tag="711"><subfield code="a">Workshop on Theory and Applications of Abstract Data Types</subfield><subfield code="0">(DE-588)308541-7</subfield></datafield><datafield ind1="2" ind2=" " tag="711"><subfield code="a">Workshop on Specification of Abstract Data Types</subfield><subfield code="n">9</subfield><subfield code="d">1992</subfield><subfield code="c">Caldes de Malavella</subfield><subfield code="0">(RERO)A012486575</subfield></datafield><datafield ind1="2" ind2=" " tag="711"><subfield code="a">COMPASS workshop</subfield><subfield code="n">4</subfield><subfield code="d">1992</subfield><subfield code="c">Caldes de Malavella</subfield><subfield code="0">(RERO)A012486576</subfield></datafield><datafield ind1=" " ind2=" " tag="830"><subfield code="a">Lecture notes in computer science</subfield><subfield code="v">785</subfield><subfield code="w">(RERO)0078255-41slsp</subfield></datafield><datafield ind1=" " ind2=" " tag="830"><subfield code="a">Lecture notes in computer science</subfield><subfield code="n">1 (1973) - 2999 (2004)</subfield><subfield code="v">785</subfield><subfield code="w">(NEBIS)000025969EBI01</subfield></datafield><datafield ind1=" " ind2=" " tag="900"><subfield code="a">REROnoselfmerge</subfield></datafield></record>
</metadata></record>