<record><header><identifier>oai:alma.41SLSP_UGE:991000765399705502</identifier><datestamp>2023-05-13T00:23:12Z</datestamp><setSpec>uge_bcen_RapidILL_BOOK</setSpec><setSpec>uge_aaca_RapidILL_BOOK</setSpec><setSpec>uge_abels_RapidILL_BOOK</setSpec><setSpec>uge_dbu_RapidILL_BOOK</setSpec><setSpec>uge_cmu_RapidILL_BOOK</setSpec><setSpec>uge_mail_RapidILL_BOOK</setSpec><setSpec>uge_abbat_RapidILL_BOOK</setSpec><setSpec>UNIGE_ALL</setSpec><setSpec>uge_aobs_RapidILL_BOOK</setSpec><setSpec>uge_acar_RapidILL_BOOK</setSpec></header><metadata>
<record xmlns="http://www.loc.gov/MARC21/slim" xmlns:xsi="http://www.w3.org/2001/XMLSchema-instance" xsi:schemaLocation="http://www.loc.gov/MARC21/slim http://www.loc.gov/standards/marcxml/schema/MARC21slim.xsd"><leader>01771nam a2200385 ca4500</leader><controlfield tag="001">991000765399705502</controlfield><controlfield tag="005">20230210175411.0</controlfield><controlfield tag="008">201011s1969    sp ||||| i||| 00| ||spa d</controlfield><datafield ind1=" " ind2=" " tag="035"><subfield code="a">(swissbib)217155170-41slsp_network</subfield></datafield><datafield ind1=" " ind2=" " tag="035"><subfield code="a">217155170</subfield><subfield code="9">ExL</subfield></datafield><datafield ind1=" " ind2=" " tag="035"><subfield code="a">(RERO)1060351-41slsp</subfield></datafield><datafield ind1=" " ind2=" " tag="035"><subfield code="a">(IDSBB)000141214DSV01</subfield></datafield><datafield ind1=" " ind2=" " tag="035"><subfield code="a">(EXLNZ-41SLSP_NETWORK)991133722549705501</subfield></datafield><datafield ind1=" " ind2=" " tag="040"><subfield code="a">RERO geules</subfield><subfield code="d">CH-ZuSLS</subfield></datafield><datafield ind1=" " ind2="7" tag="072"><subfield code="a">es</subfield><subfield code="2">rero</subfield></datafield><datafield ind1=" " ind2="7" tag="072"><subfield code="a">sa</subfield><subfield code="2">SzZuIDS BS/BE</subfield></datafield><datafield ind1="0" ind2="0" tag="245"><subfield code="a">Índices de voces y morfemas de la Revista de filología española</subfield><subfield code="c">Elena Alvar ; con la colab. de C. Mas...[et al.] ; [y] redactados bajo la dirección de Manuel Alvar</subfield></datafield><datafield ind1=" " ind2="1" tag="264"><subfield code="a">Madrid</subfield><subfield code="b">Consejo superior de investigaciones científicas Patronato &quot;Menéndez y Pelayo&quot; Instituto &quot;Miguel de Cervantes&quot;</subfield><subfield code="c">1969</subfield></datafield><datafield ind1=" " ind2=" " tag="300"><subfield code="a">2 vol. (XXII, 738 p.)</subfield><subfield code="c">25 cm</subfield></datafield><datafield ind1=" " ind2=" " tag="336"><subfield code="b">txt</subfield><subfield code="2">rdacontent</subfield></datafield><datafield ind1=" " ind2=" " tag="337"><subfield code="b">n</subfield><subfield code="2">rdamedia</subfield></datafield><datafield ind1=" " ind2=" " tag="338"><subfield code="b">nc</subfield><subfield code="2">rdacarrier</subfield></datafield><datafield ind1="1" ind2=" " tag="490"><subfield code="a">Revista de filología española. Anejo</subfield><subfield code="v">88</subfield></datafield><datafield ind1="0" ind2="7" tag="630"><subfield code="a">Revista de filología española (revue littéraire)</subfield><subfield code="0">(RERO)A010140310</subfield><subfield code="2">rero</subfield></datafield><datafield ind1=" " ind2="7" tag="650"><subfield code="a">Espagnol (langue)</subfield><subfield code="0">(IDREF)027224430</subfield><subfield code="2">idref</subfield></datafield><datafield ind1=" " ind2="7" tag="650"><subfield code="a">Littérature espagnole</subfield><subfield code="0">(IDREF)027236897</subfield><subfield code="2">idref</subfield></datafield><datafield ind1=" " ind2="7" tag="655"><subfield code="a">Index</subfield><subfield code="0">(IDREF)027817660</subfield><subfield code="2">idref</subfield></datafield><datafield ind1="1" ind2=" " tag="700"><subfield code="a">Mas Florit, Catalina</subfield><subfield code="d">19..-....</subfield><subfield code="0">(IDREF)15217429X</subfield></datafield><datafield ind1="1" ind2=" " tag="700"><subfield code="a">Alvar, Elena</subfield><subfield code="0">(IDREF)028337301</subfield></datafield><datafield ind1="1" ind2=" " tag="700"><subfield code="a">Alvar, Manuel</subfield><subfield code="d">1923-2001</subfield><subfield code="6">880-04</subfield><subfield code="0">(DE-588)116295732</subfield></datafield><datafield ind1="1" ind2=" " tag="880"><subfield code="6">700-04</subfield><subfield code="a">Alvar, Manuel</subfield><subfield code="d">1923-2001</subfield><subfield code="0">(IDREF)028434072</subfield></datafield><datafield ind1="0" ind2=" " tag="730"><subfield code="a">Revista de filología española</subfield><subfield code="k">Index : 1914-1962</subfield></datafield><datafield ind1="0" ind2=" " tag="730"><subfield code="a">Revista de filología española</subfield><subfield code="p">Índices de voces y morfemas</subfield><subfield code="f">1-45</subfield></datafield><datafield ind1=" " ind2=" " tag="830"><subfield code="a">Revista de Filologia Española</subfield><subfield code="p">Anejo</subfield><subfield code="v">88</subfield><subfield code="w">(RERO)0331091-41slsp</subfield></datafield><datafield ind1=" " ind2=" " tag="830"><subfield code="a">Revista de Filología Española</subfield><subfield code="p">Anejo</subfield><subfield code="v">88</subfield><subfield code="w">(IDSBB)000060475DSV01</subfield></datafield><datafield ind1=" " ind2=" " tag="900"><subfield code="a">REROnoselfmerge</subfield></datafield><datafield ind1=" " ind2=" " tag="993"><subfield code="a">FLZ 301/INDICES</subfield><subfield code="x">ge/ules/a/flz 301/indices</subfield><subfield code="9">local</subfield></datafield><datafield ind1=" " ind2=" " tag="993"><subfield code="a">BFLP 690/IND. 1-45</subfield><subfield code="x">ge/ules/a/88/299</subfield><subfield code="x">ge/ules/a/flz 301/indices</subfield><subfield code="9">local</subfield></datafield></record>
</metadata></record>