<record><header><identifier>oai:alma.41SLSP_UGE:991000764979705502</identifier><datestamp>2024-08-09T00:05:58Z</datestamp><setSpec>uge_bcen_RapidILL_BOOK</setSpec><setSpec>uge_aaca_RapidILL_BOOK</setSpec><setSpec>uge_abels_RapidILL_BOOK</setSpec><setSpec>uge_dbu_RapidILL_BOOK</setSpec><setSpec>uge_cmu_RapidILL_BOOK</setSpec><setSpec>uge_mail_RapidILL_BOOK</setSpec><setSpec>uge_abbat_RapidILL_BOOK</setSpec><setSpec>UNIGE_ALL</setSpec><setSpec>uge_acar_RapidILL_BOOK</setSpec><setSpec>uge_aobs_RapidILL_BOOK</setSpec></header><metadata>
<record xmlns="http://www.loc.gov/MARC21/slim" xmlns:xsi="http://www.w3.org/2001/XMLSchema-instance" xsi:schemaLocation="http://www.loc.gov/MARC21/slim http://www.loc.gov/standards/marcxml/schema/MARC21slim.xsd"><leader>02315nam a2200637 c 4500</leader><controlfield tag="001">991000764979705502</controlfield><controlfield tag="005">20240424151436.0</controlfield><controlfield tag="008">201011s1982    be ||||| |||| 00| ||grc d</controlfield><datafield ind1=" " ind2=" " tag="020"><subfield code="a">2503401015</subfield><subfield code="q">relié</subfield></datafield><datafield ind1=" " ind2=" " tag="020"><subfield code="a">2503401023</subfield><subfield code="q">broché</subfield></datafield><datafield ind1=" " ind2=" " tag="035"><subfield code="a">(swissbib)22157798X-41slsp_network</subfield></datafield><datafield ind1=" " ind2=" " tag="035"><subfield code="a">22157798X</subfield><subfield code="9">ExL</subfield></datafield><datafield ind1=" " ind2=" " tag="035"><subfield code="a">(RERO)0434064-41slsp</subfield></datafield><datafield ind1=" " ind2=" " tag="035"><subfield code="a">(IDSLU)000349067ILU01</subfield></datafield><datafield ind1=" " ind2=" " tag="035"><subfield code="a">(IDSBB)000654620DSV01</subfield></datafield><datafield ind1=" " ind2=" " tag="035"><subfield code="a">(NEBIS)002798967EBI01</subfield></datafield><datafield ind1=" " ind2=" " tag="035"><subfield code="a">(SBT)000024451SBT01</subfield></datafield><datafield ind1=" " ind2=" " tag="035"><subfield code="a">(EXLNZ-41SLSP_NETWORK)991152436139705501</subfield></datafield><datafield ind1=" " ind2=" " tag="040"><subfield code="a">RERO</subfield><subfield code="d">CH-ZuSLS</subfield></datafield><datafield ind1="0" ind2=" " tag="041"><subfield code="a">grc</subfield><subfield code="a">fre</subfield></datafield><datafield ind1=" " ind2="7" tag="072"><subfield code="a">740</subfield><subfield code="2">IDS LU</subfield></datafield><datafield ind1=" " ind2="7" tag="072"><subfield code="a">th</subfield><subfield code="2">SzZuIDS BS/BE</subfield></datafield><datafield ind1=" " ind2="7" tag="072"><subfield code="a">kp</subfield><subfield code="2">SzZuIDS BS/BE</subfield></datafield><datafield ind1=" " ind2="7" tag="072"><subfield code="a">th</subfield><subfield code="2">rero</subfield></datafield><datafield ind1="0" ind2="0" tag="082"><subfield code="a">230/.14</subfield><subfield code="2">19</subfield></datafield><datafield ind1="0" ind2="4" tag="082"><subfield code="a">230 .14</subfield><subfield code="2">19</subfield></datafield><datafield ind1="0" ind2="4" tag="082"><subfield code="a">270.2</subfield></datafield><datafield ind1="1" ind2="4" tag="082"><subfield code="a">230.14</subfield><subfield code="2">19</subfield></datafield><datafield ind1=" " ind2=" " tag="084"><subfield code="a">BO 1160</subfield><subfield code="2">rvk</subfield></datafield><datafield ind1=" " ind2=" " tag="084"><subfield code="a">FK 39800</subfield><subfield code="2">rvk</subfield></datafield><datafield ind1="0" ind2=" " tag="100"><subfield code="6">880-01</subfield><subfield code="a">Maximus</subfield><subfield code="c">Confessor, saint</subfield><subfield code="0">(RERO)A000112242</subfield><subfield code="4">cre</subfield></datafield><datafield ind1="0" ind2=" " tag="880"><subfield code="6">100-01</subfield><subfield code="a">Maximus</subfield><subfield code="c">Confessor, Heiliger</subfield><subfield code="d">580-662</subfield><subfield code="0">(DE-588)118732188</subfield></datafield><datafield ind1="0" ind2=" " tag="880"><subfield code="6">100-01</subfield><subfield code="a">Maximus</subfield><subfield code="c">Confessor</subfield><subfield code="c">santo</subfield><subfield code="0">(SBT11)000005300</subfield></datafield><datafield ind1="1" ind2="0" tag="240"><subfield code="a">Quaestiones et dubia</subfield></datafield><datafield ind1="1" ind2="0" tag="245"><subfield code="a">Maximi Confessoris Quaestiones et dubia</subfield><subfield code="c">ed. José H. Declerck</subfield></datafield><datafield ind1="1" ind2=" " tag="246"><subfield code="i">Werktitel</subfield><subfield code="a">Quaestiones et dubia</subfield></datafield><datafield ind1=" " ind2="1" tag="264"><subfield code="a">Turnhout</subfield><subfield code="b">Brepols</subfield><subfield code="a">Leuven</subfield><subfield code="b">Univ. Press</subfield><subfield code="c">1982</subfield></datafield><datafield ind1=" " ind2=" " tag="300"><subfield code="a">CCLIII, 255 p.</subfield><subfield code="c">26 cm</subfield></datafield><datafield ind1=" " ind2=" " tag="336"><subfield code="b">txt</subfield><subfield code="2">rdacontent</subfield></datafield><datafield ind1=" " ind2=" " tag="337"><subfield code="b">n</subfield><subfield code="2">rdamedia</subfield></datafield><datafield ind1=" " ind2=" " tag="338"><subfield code="b">nc</subfield><subfield code="2">rdacarrier</subfield></datafield><datafield ind1="1" ind2=" " tag="490"><subfield code="a">Maximi Confessoris opera</subfield></datafield><datafield ind1="1" ind2=" " tag="490"><subfield code="a">Corpus christianorum. Series graeca</subfield><subfield code="v">10</subfield></datafield><datafield ind1=" " ind2=" " tag="500"><subfield code="a">Text altgriech., Einf. franz.</subfield></datafield><datafield ind1="0" ind2="0" tag="630"><subfield code="a">Bible</subfield><subfield code="v">Examinations, questions, etc</subfield></datafield><datafield ind1=" " ind2="0" tag="650"><subfield code="a">Theology</subfield><subfield code="v">Miscellanea</subfield></datafield><datafield ind1=" " ind2="0" tag="650"><subfield code="a">Theology</subfield><subfield code="x">Miscellanea</subfield></datafield><datafield ind1=" " ind2=" " tag="690"><subfield code="a">Bibel / Enzyklopädien, Lexika / Einzelne Stellen / 1800- ersch.</subfield><subfield code="2">uzb-Z9</subfield></datafield><datafield ind1=" " ind2=" " tag="691"><subfield code="e">270.1</subfield><subfield code="a">Storia della Chiesa. Periodo apostolico, fino al 325</subfield><subfield code="2">usi-TE</subfield></datafield><datafield ind1="1" ind2=" " tag="700"><subfield code="a">Declerck, José H</subfield></datafield><datafield ind1="1" ind2=" " tag="700"><subfield code="a">Declerck, José</subfield><subfield code="6">880-02</subfield><subfield code="0">(DE-588)1046025112</subfield></datafield><datafield ind1="1" ind2=" " tag="880"><subfield code="6">700-02</subfield><subfield code="a">Declerck, José Hendrik</subfield><subfield code="d">19..-....</subfield><subfield code="0">(IDREF)028787757</subfield></datafield><datafield ind1=" " ind2="0" tag="830"><subfield code="a">Corpus Christianorum</subfield><subfield code="p">Series Graeca</subfield><subfield code="v">10</subfield><subfield code="w">(IDSLU)000130558ILU01</subfield></datafield><datafield ind1=" " ind2="0" tag="830"><subfield code="a">Corpus Christianorum</subfield><subfield code="p">Series Graeca</subfield><subfield code="v">10</subfield><subfield code="w">(RERO)0123040-41slsp</subfield></datafield><datafield ind1="0" ind2=" " tag="800"><subfield code="a">Maximus</subfield><subfield code="c">Confessor, saint</subfield><subfield code="t">Maximi Confessoris opera</subfield><subfield code="w">(SBT)000002023SBT01</subfield></datafield><datafield ind1=" " ind2=" " tag="900"><subfield code="a">REROnoselfmerge</subfield></datafield><datafield ind1=" " ind2=" " tag="900"><subfield code="a">IDSZRMedeaZBZ</subfield></datafield></record>
</metadata></record>