<record><header><identifier>oai:alma.41SLSP_UGE:991000764469705502</identifier><datestamp>2023-03-01T01:09:58Z</datestamp><setSpec>uge_bcen_RapidILL_BOOK</setSpec><setSpec>uge_aaca_RapidILL_BOOK</setSpec><setSpec>uge_abels_RapidILL_BOOK</setSpec><setSpec>uge_dbu_RapidILL_BOOK</setSpec><setSpec>uge_cmu_RapidILL_BOOK</setSpec><setSpec>uge_mail_RapidILL_BOOK</setSpec><setSpec>UNIGE_ALL</setSpec><setSpec>uge_abbat_RapidILL_BOOK</setSpec><setSpec>uge_aobs_RapidILL_BOOK</setSpec><setSpec>uge_acar_RapidILL_BOOK</setSpec></header><metadata>
<record xmlns="http://www.loc.gov/MARC21/slim" xmlns:xsi="http://www.w3.org/2001/XMLSchema-instance" xsi:schemaLocation="http://www.loc.gov/MARC21/slim http://www.loc.gov/standards/marcxml/schema/MARC21slim.xsd"><leader>01421nam a2200265 c 4500</leader><controlfield tag="001">991000764469705502</controlfield><controlfield tag="005">20201227172511.0</controlfield><controlfield tag="008">190911nuuuuuuuuru ||||| |||| 00| ||rus d</controlfield><datafield ind1=" " ind2=" " tag="020"><subfield code="a">9785858874966</subfield></datafield><datafield ind1=" " ind2=" " tag="035"><subfield code="a">(swissbib)125931158-41slsp_network</subfield></datafield><datafield ind1=" " ind2=" " tag="035"><subfield code="a">125931158</subfield><subfield code="9">ExL</subfield></datafield><datafield ind1=" " ind2=" " tag="035"><subfield code="a">(RERO)R008960896-41slsp</subfield></datafield><datafield ind1=" " ind2=" " tag="035"><subfield code="a">(EXLNZ-41SLSP_NETWORK)991096407609705501</subfield></datafield><datafield ind1=" " ind2=" " tag="040"><subfield code="a">RERO geulru</subfield><subfield code="d">CH-ZuSLS</subfield></datafield><datafield ind1=" " ind2="7" tag="072"><subfield code="a">ru</subfield><subfield code="2">rero</subfield></datafield><datafield ind1="1" ind2=" " tag="100"><subfield code="6">880-01</subfield><subfield code="a">Turgenev, Ivan Sergeevič</subfield><subfield code="d">1818-1883</subfield><subfield code="0">(IDREF)027166929</subfield><subfield code="4">aut</subfield></datafield><datafield ind1="1" ind2=" " tag="880"><subfield code="6">100-01/(N</subfield><subfield code="a">Тургенев, Иван Сергеевич</subfield><subfield code="d">1818-1883</subfield></datafield><datafield ind1="1" ind2="0" tag="245"><subfield code="a">&quot;I︠A︡ slishkom mnogim obi︠a︡zan Germanii&quot;</subfield><subfield code="b">pisʹma, statʹi, vospominanii︠a︡ i drugie materialy</subfield><subfield code="c">Ivan Turgenev ; [predislovie, sostavlenie, podgotovka teksta, primechanii︠a︡, podbor illi︠u︡strat︠s︡iĭ, T.E. Korobkina]</subfield></datafield><datafield ind1="1" ind2=" " tag="246"><subfield code="a">Ivan Turgenev</subfield><subfield code="b">&quot;I︠A︡ slishkom mnogim obi︠a︡zan Germanii...&quot; : pisʹma, statʹi, vospominanii︠a︡ i drugie materialy</subfield></datafield><datafield ind1="1" ind2=" " tag="246"><subfield code="a">&quot;Ja sliškom mnogim objazan Germanii&quot;</subfield></datafield><datafield ind1=" " ind2="1" tag="264"><subfield code="a">Moskva</subfield><subfield code="b">Russkiĭ putʹ</subfield><subfield code="c">2018</subfield></datafield><datafield ind1=" " ind2=" " tag="300"><subfield code="a">413 p.</subfield><subfield code="b">ill.</subfield></datafield><datafield ind1=" " ind2=" " tag="336"><subfield code="b">txt</subfield><subfield code="2">rdacontent</subfield></datafield><datafield ind1=" " ind2=" " tag="337"><subfield code="b">n</subfield><subfield code="2">rdamedia</subfield></datafield><datafield ind1=" " ind2=" " tag="338"><subfield code="b">nc</subfield><subfield code="2">rdacarrier</subfield></datafield><datafield ind1=" " ind2=" " tag="900"><subfield code="a">REROnoselfmerge</subfield></datafield></record>
</metadata></record>