<record><header><identifier>oai:alma.41SLSP_UGE:991000765509705502</identifier><datestamp>2024-09-21T00:18:54Z</datestamp><setSpec>uge_bcen_RapidILL_BOOK</setSpec><setSpec>uge_aaca_RapidILL_BOOK</setSpec><setSpec>uge_abels_RapidILL_BOOK</setSpec><setSpec>uge_dbu_RapidILL_BOOK</setSpec><setSpec>uge_cmu_RapidILL_BOOK</setSpec><setSpec>uge_mail_RapidILL_BOOK</setSpec><setSpec>uge_abbat_RapidILL_BOOK</setSpec><setSpec>UNIGE_ALL</setSpec><setSpec>uge_acar_RapidILL_BOOK</setSpec><setSpec>uge_aobs_RapidILL_BOOK</setSpec></header><metadata>
<record xmlns="http://www.loc.gov/MARC21/slim" xmlns:xsi="http://www.w3.org/2001/XMLSchema-instance" xsi:schemaLocation="http://www.loc.gov/MARC21/slim http://www.loc.gov/standards/marcxml/schema/MARC21slim.xsd"><leader>01982nam a2200433 c 4500</leader><controlfield tag="001">991000765509705502</controlfield><controlfield tag="005">20240920190724.0</controlfield><controlfield tag="008">201011s1973    gw ||||| |||| 10| ||eng d</controlfield><datafield ind1=" " ind2=" " tag="020"><subfield code="a">3540062149</subfield><subfield code="q">Springer Berlin</subfield></datafield><datafield ind1=" " ind2=" " tag="020"><subfield code="a">0387062149</subfield><subfield code="q">Springer New York</subfield></datafield><datafield ind1=" " ind2=" " tag="035"><subfield code="a">(swissbib)224283278-41slsp_network</subfield></datafield><datafield ind1=" " ind2=" " tag="035"><subfield code="a">224283278</subfield><subfield code="9">ExL</subfield></datafield><datafield ind1=" " ind2=" " tag="035"><subfield code="a">(RERO)0955806-41slsp</subfield></datafield><datafield ind1=" " ind2=" " tag="035"><subfield code="a">(NEBIS)000525541EBI01</subfield></datafield><datafield ind1=" " ind2=" " tag="035"><subfield code="a">(IDSBB)000477929DSV01</subfield></datafield><datafield ind1=" " ind2=" " tag="035"><subfield code="a">(EXLNZ-41SLSP_NETWORK)991054263009705501</subfield></datafield><datafield ind1=" " ind2=" " tag="040"><subfield code="a">RERO geudbu</subfield><subfield code="d">CH-ZuSLS</subfield></datafield><datafield ind1=" " ind2="7" tag="072"><subfield code="a">in</subfield><subfield code="2">rero</subfield></datafield><datafield ind1=" " ind2="7" tag="072"><subfield code="a">py</subfield><subfield code="2">rero</subfield></datafield><datafield ind1=" " ind2="7" tag="072"><subfield code="a">te</subfield><subfield code="2">SzZuIDS BS/BE</subfield></datafield><datafield ind1="0" ind2="0" tag="245"><subfield code="a">Optimization and stability problems in continuum mechanics</subfield><subfield code="b">lectures presented at the Symposium on Optimization and Stability Problems in Continuum Mechanics, Los Angeles, California, August 24, 1971</subfield><subfield code="c">ed. by P.K.C. Wang</subfield></datafield><datafield ind1=" " ind2="1" tag="264"><subfield code="a">Berlin</subfield><subfield code="a">Heidelberg [etc.]</subfield><subfield code="b">Springer</subfield><subfield code="c">1973</subfield></datafield><datafield ind1=" " ind2=" " tag="300"><subfield code="a">94 p.</subfield><subfield code="b">ill.</subfield><subfield code="c">26 cm</subfield></datafield><datafield ind1=" " ind2=" " tag="336"><subfield code="b">txt</subfield><subfield code="2">rdacontent</subfield></datafield><datafield ind1=" " ind2=" " tag="337"><subfield code="b">n</subfield><subfield code="2">rdamedia</subfield></datafield><datafield ind1=" " ind2=" " tag="338"><subfield code="b">nc</subfield><subfield code="2">rdacarrier</subfield></datafield><datafield ind1="1" ind2=" " tag="490"><subfield code="a">Lecture notes in physics</subfield><subfield code="v">21</subfield></datafield><datafield ind1=" " ind2=" " tag="504"><subfield code="a">Bibliogr.</subfield></datafield><datafield ind1=" " ind2="7" tag="650"><subfield code="a">MATHEMATISCHE PHYSIK</subfield><subfield code="9">ger</subfield><subfield code="0">(ETHUDK)000012468</subfield><subfield code="2">ethudk</subfield></datafield><datafield ind1=" " ind2="7" tag="650"><subfield code="a">MECHANIK DER KONTINUA</subfield><subfield code="9">ger</subfield><subfield code="0">(ETHUDK)000015697</subfield><subfield code="2">ethudk</subfield></datafield><datafield ind1=" " ind2="7" tag="650"><subfield code="a">STABILITÄT GEWÖHNLICHER DIFFERENTIALGLEICHUNGEN (ANALYSIS)</subfield><subfield code="9">ger</subfield><subfield code="0">(ETHUDK)000013330</subfield><subfield code="2">ethudk</subfield></datafield><datafield ind1=" " ind2="7" tag="655"><subfield code="a">Konferenzschrift</subfield><subfield code="z">Los Angeles (CA)</subfield><subfield code="y">1971/08</subfield><subfield code="2">gnd-content</subfield></datafield><datafield ind1=" " ind2="7" tag="655"><subfield code="a">Konferenzschrift</subfield><subfield code="z">Los Angeles, Calif.</subfield><subfield code="y">1971</subfield><subfield code="2">gnd-content</subfield></datafield><datafield ind1="1" ind2=" " tag="700"><subfield code="a">Wang, P.K.C</subfield><subfield code="0">(RERO)A003957537</subfield></datafield><datafield ind1="2" ind2=" " tag="711"><subfield code="a">Symposium on Optimization and Stability Problems in Continuum Mechanics</subfield><subfield code="d">1971</subfield><subfield code="c">Los Angeles, Calif.</subfield><subfield code="0">(DE-588)20095-5</subfield></datafield><datafield ind1="2" ind2=" " tag="711"><subfield code="a">Symposium on Optimization and Stability Problems in Continuum Mechanics</subfield><subfield code="d">1971</subfield><subfield code="c">Los Angeles</subfield><subfield code="0">(RERO)A012492185</subfield></datafield><datafield ind1="0" ind2="2" tag="740"><subfield code="a">Los Angeles, California, August 24, 1971</subfield></datafield><datafield ind1=" " ind2=" " tag="830"><subfield code="a">Lecture notes in physics</subfield><subfield code="v">21</subfield><subfield code="w">(IDSBB)000098024DSV01</subfield></datafield><datafield ind1=" " ind2=" " tag="830"><subfield code="a">Lecture notes in physics</subfield><subfield code="p">Springer</subfield><subfield code="v">21</subfield><subfield code="w">(RERO)0115708-41slsp</subfield></datafield><datafield ind1=" " ind2=" " tag="900"><subfield code="a">REROnoselfmerge</subfield></datafield></record>
</metadata></record>